3542 5550
156 282 204 351 40
484 281 550 352 CIR

195 428 379 506 3111111311,
398 429 432 504 11,
449 448 480 492 n.
496 428 671 492 Thesaurus
690 428 722 490 in
735 429 870 491 ecclesia.

155 520 246 580 close.
263 521 359 597 carii.
379 518 537 596 Κειμήλιον,
553 516 720 582 cimelium.
738 518 769 581 S.
785 520 870 596 drap.

154 609 209 686 Ep.
232 613 259 685 l,
278 614 324 670 10.
345 607 416 680 Quae
433 606 471 671 de
485 606 614 670 dirersis
629 607 763 671 ecclesiis
778 607 872 670 cirne·

153 696 196 758 lia
215 708 287 759 sunt
300 695 472 761 collecta...
486 690 660 758 serventur.
676 693 764 758 conf.
780 696 870 775 Caua.

154 787 317 850 —Vocem
336 787 480 850 usitatam
501 784 597 848 luisse
617 784 828 849 demonstrant
842 805 871 849 v.

155 878 354 940 cimiliarcha
367 889 397 940 et
413 877 670 939 cimiliarchium.

193 964 340 1042 ciMchA,
363 986 400 1044 a,
424 965 447 1031 f.
471 965 574 1029 Genus
597 962 709 1028 herbae.
730 965 804 1027 isid.
821 964 871 1026 Or.

156 1064 203 1136 17,
224 1063 254 1119 9.
278 1054 405 1118 Cimicia
427 1064 551 1137 propter
574 1051 808 1116 similitudinem
831 1052 873 1115 ci·

152 1145 251 1210 micis.
270 1144 358 1209 Unde
377 1155 406 1207 et
430 1163 499 1208 eam
524 1141 620 1206 Graeci
642 1144 730 1224 κόριον
753 1161 874 1205 vocave-

153 1246 236 1298 runi.

193 1321 417 1398 emiramuu,
444 1319 479 1397 ii,
502 1339 535 1385 u.
557 1317 766 1382 Coemetarium
787 1319 872 1403 (gall.

152 1410 323 1492 cimetibrc).
350 1412 444 1473 111131.
468 1411 596 1487 Martae.
627 1427 676 1490 ap.
699 1411 771 1470 1131.
795 1412 871 1474 Noe.

155 1502 267 1564 0311331.
280 1511 301 1564 t.
311 1498 347 1574 V,
361 1520 393 1582 p.
407 1505 477 1562 405.
493 1498 638 1580 Martyres
655 1495 832 1580 Simplicius
847 1510 875 1563 31

151 1589 325 1662 Faustinus,
340 1588 444 1671 qui...
455 1587 546 1671 positi
557 1597 629 1649 sunt
643 1585 673 1646 in
691 1587 873 1651 cimiterium

152 1679 332 1742 Generoses.
346 1679 424 1741 ibid.
444 1697 476 1760 p.
490 1684 560 1739 396.
577 1678 690 1737 Thema
706 1677 871 1741 11133333.

152 1771 214 1833 Lat.
231 1789 262 1851 p.
282 1774 349 1831 116.
371 1766 488 1829 Dicitur
503 1764 687 1829 cimiterium
700 1765 788 1846 quasi
803 1766 873 1829 dul-

152 1856 196 1919 eis
222 1855 321 1920 statio.
349 1855 460 1918 Dicunt
490 1853 617 1937 quidam
647 1854 729 1936 quod
760 1855 875 1918 cimite-

153 1946 233 2007 rium
248 1945 437 2030 componitur
452 1964 488 2007 err
506 1943 603 2008 tribus
615 1943 765 2027 partibus,
780 1963 815 2006 ex
834 1945 873 2006 ci·

152 2053 241 2112 nere,
270 2047 299 2097 et
330 2035 430 2111 mitto,
456 2045 485 2094 et
516 2042 590 2095 tero.
621 2032 707 2095 adde
735 2035 871 2098 Perdere.

151 2126 279 2203 btptom.
304 2134 327 2188 t.
344 2124 367 2203 l,
392 2144 423 2207 p.
444 2130 494 2186 35.
509 2120 556 2183 Cf.
570 2123 679 2185 totam
702 2125 737 2186 dc
754 2127 825 2187 Jaa.
846 2135 874 2188 at

154 2216 248 2291 Cana.

191 2313 338 2378 GINNUS,
368 2300 395 2378 i,
425 2318 468 2371 ru.
497 2298 642 2382 Signum,
672 2310 765 2363 nutus
790 2301 872 2382 (ital.

152 2392 372 2473 amentatas.
389 2391 509 2452 Philoa.
524 2386 654 2465 cianus,
668 2396 764 2469 νεῦμα.
782 2393 872 2458 class.

158 2480 219 2544 Vut.
242 2479 334 2556 tvl,
358 2501 390 2564 p.
412 2486 481 2543 536.
506 2477 605 2557 Nutu,
628 2478 795 2557 voluntate,
812 2481 875 2545 sive

153 2569 242 2632 cinno
274 2577 303 2631 et
335 2580 467 2651 aspectu.
493 2568 582 2630 111333.
618 2568 693 2645 Pap.
722 2578 752 2631 et
781 2570 872 2634 close.

153 2661 237 2720 arab.
252 2660 307 2720 lat.
322 2656 451 2735 Cinnas,
468 2656 538 2719 torti
553 2654 615 2718 oris
630 2656 705 2737 (sie).

194 2741 402 2823 3131333,
425 2745 446 2811 1.
472 2744 601 2828 (κινύρα).
624 2745 754 2809 citbarae
777 2765 874 2828 genus

155 2837 236 2919 apud
260 2835 364 2919 Syros.
388 2839 471 2916 Valp.
499 2843 526 2897 1.
554 2837 873 2920 1113311311.4,54.111

153 2923 291 3076 {eapitsicia
307 2935 336 2987 et
351 2924 489 3002 citharis,
505 2933 533 2987 31
547 2925 673 3008 cinyris,
688 2936 718 2989 et
738 2927 770 2987 in
789 2946 874 3009 cym-

193 3113 307 3180 CIRGO,
323 3121 368 3178 as,
384 3121 447 3180 are,
465 3123 492 3165 a.
508 3102 676 3167 circumeo.
696 3105 784 3166 close.
800 3106 873 3170 laid.

154 3203 184 3260 et
196 3194 285 3256 cluss.
302 3194 402 3256 Paria.
420 3191 531 3270 circat,
552 3192 760 3257 circumvenit.
784 3195 874 3259 close.

153 3282 267 3344 Hildeb.
289 3279 469 3362 circulator,
487 3281 590 3357 circat,
612 3280 762 3344 circumit.
784 3283 874 3345 cloes.

154 3373 272 3434 Phiioa.
294 3370 417 3433 circitat
440 3383 469 3433 et
496 3367 606 3445 circat,
628 3370 758 3436 κυκλεόει.
784 3373 875 3437 closo.

154 3461 228 3524 isid.
255 3471 284 3522 et
307 3461 397 3523 diors.
419 3460 521 3521 Paris.
543 3459 649 3540 Ergat,
663 3459 765 3523 circat.
782 3460 878 3525 -lie

154 3569 217 3631 qua
231 3568 300 3611 voce
314 3550 435 3614 Forcctl.
449 3548 529 3610 nibil
540 3548 660 3612 asserit.
675 3548 877 3613 classicorum

154 3638 279 3721 quidem
297 3639 434 3720 exempla
445 3638 515 3721 J'ure
534 3639 724 3715 exterminat,
740 3640 793 3701 sed
811 3641 878 3703 Scr-

154 3729 199 3790 uii
222 3727 320 3789 locum
349 3727 426 3790 tueri
453 3726 572 3799 debuit,
597 3737 626 3788 et
649 3725 806 3790 Glossaria
831 3748 878 3791 ar·

154 3834 282 3879 cessere.
308 3813 383 3878 lnda
402 3815 528 3877 nomina
546 3816 674 3878 circatio
688 3827 717 3879 et
732 3818 876 3894 circatae,

154 3923 222 3987 qua
237 3922 286 3987 ap.
301 3906 394 3983 caup.

194 3988 418 4070 3133911110,
435 3991 515 4070 onis,
537 3990 560 4056 f.
577 3991 817 4075 Transmigratiu
840 3992 879 4059 de

156 4101 278 4165 corpore
292 4083 324 4146 in
336 4102 457 4166 corpus.
472 4083 584 4162 Iatcrp.
602 4084 681 4147 1133.
702 4091 728 4161 1,
741 4091 788 4148 at.
805 4084 879 4146 Ani·

156 4182 223 4225 mas
242 4163 379 4245 ipsorum
402 4183 437 4225 er
458 4162 564 4226 eadam
581 4163 775 4227 circulatione
789 4163 878 4228 deve-

156 4254 286 4316 aientes.
306 4255 381 4316 ibid.
407 4253 528 4315 iterum.
544 4291 584 4299 —
605 4253 732 4315 Unicum
749 4256 878 4319 Vitruvii

157 4343 328 4424 exemplum
345 4343 478 4419 all'ertur,
490 4341 528 4405 de
543 4342 695 4405 sideribus
716 4344 875 4425 loquentis.

156 4432 260 4495 Latius
275 4442 355 4513 patet
369 4452 423 4493 vox
437 4441 540 4494 nostra
553 4435 742 4497 circulatioa.

195 4516 412 4583 emebamus
440 4539 604 4601 uumerus,
631 4541 673 4582 m.
701 4520 875 4585 circularis.

156 4611 285 4674 Cassiod.
296 4613 439 4687 Arithm,
452 4613 505 4673 sub
519 4615 574 4691 fia.
587 4610 761 4693 Sphaericus
774 4629 879 4673 nume-

155 4720 209 4762 rus
232 4713 277 4763 est
300 4700 353 4782 qui
380 4699 522 4762 circulato
545 4718 673 4762 numeru
696 4698 877 4782 multiplica·

156 4800 217 4866 tus,
233 4802 288 4854 etc.
304 4788 391 4862 Quod
405 4788 563 4873 exscripsit
576 4792 649 4851 leid.
664 4790 713 4851 Or.
730 4795 760 4865 8,
777 4795 805 4851 7.

195 4875 391 4956 3133111311,
418 4879 444 4957 i,
465 4899 498 4943 n.
528 4878 676 4944 Circulos.
709 4882 875 4944 6333131131.

1254 277 1321 349 CIR

930 428 1072 503 1111111111,
1087 429 1142 489 sab
1155 428 1209 505 fia.
1226 425 1355 500 Quando
1372 426 1526 492 mensium
1540 427 1656 490 circula

930 528 1142 598 supputamus.

968 604 1272 681 3133ϋωῦ13130,
1308 625 1359 680 33,
1393 625 1460 683 313,
1498 624 1526 670 a.
1563 607 1653 684 7319.

931 700 1076 774 1111333,
1088 706 1116 760 7.
1128 696 1408 760 circumaedificavit
1418 695 1579 758 adversum
1589 714 1653 759 me.

969 782 1328 865 cinomannicae,
1356 807 1424 863 um,
1453 796 1533 868 part.
1563 788 1654 865 Vota.

928 880 1045 957 Apocal.
1066 884 1095 953 4,
1113 886 1142 941 4.
1166 877 1305 953 Senioues
1326 875 1544 940 circumamicti
1559 875 1657 938 vesti-

929 968 987 1031 bus
1009 968 1097 1031 albis.
1119 969 1163 1031 Ib.
1179 968 1357 1043 1131111114,
1376 973 1424 1029 15.
1445 967 1536 1029 diors.
1552 968 1653 1043 cyril.

930 1058 1171 1138 Περιὸεὸλημὲνος,
1188 1067 1320 1140 opertus,
1339 1053 1596 1118 circumamictus.
1612 1090 1656 1100 —

929 1147 1075 1224 Unicum,
1098 1144 1180 1228 quod
1204 1145 1306 1222 datur,
1322 1146 1455 1208 Petronii
1479 1144 1657 1224 exemplum

929 1253 990 1296 non
1011 1234 1193 1297 translatum
1213 1233 1303 1297 modo
1322 1243 1382 1310 est,
1402 1231 1457 1296 sed
1476 1243 1655 1314 suspectum

929 1323 1068 1389 habetur.

969 1425 1220 1491 affluuttcnteo,
1231 1414 1270 1491 is,
1284 1433 1345 1486 ere,
1357 1431 1385 1475 a.
1399 1411 1654 1491 131311331145,

931 1511 960 1568 9.
990 1502 1204 1566 circumcinxit
1226 1521 1294 1565 eum
1319 1521 1394 1564 zona
1417 1500 1530 1584 gloria.
1553 1501 1654 1563 111131.

932 1613 981 1675 ap.
996 1594 1107 1655 litarat.
1124 1612 1157 1673 p.
1175 1598 1245 1653 484.
1266 1590 1401 1654 Porticus
1415 1589 1657 1671 circumcingere

930 1682 1095 1746 coustituit.
1112 1717 1152 1728 —
1165 1682 1291 1744 1313311.
1305 1678 1499 1765 participium
1515 1682 1656 1743 Circum-

931 1775 1050 1849 ciapeas
1067 1770 1154 1833 unice
1167 1769 1296 1833 exhibet.

970 1856 1296 1934 emaumcourirtam
1319 1878 1370 1935 es,
1391 1877 1457 1933 era,
1485 1878 1512 1921 a.
1535 1861 1654 1938 latam.

929 1952 1010 2012 brea.
1030 1956 1057 2024 1,
1076 1955 1122 2009 14.
1140 1947 1213 2010 Hori
1232 1947 1366 2030 ejusqui
1385 1947 1576 2030 trigesimam
1595 1968 1656 2010 no-

931 2036 1024 2098 minis
1037 2037 1157 2099 illorum
1175 2046 1303 2098 matrem
1318 2035 1577 2101 circumcuntinet.

970 2120 1232 2205 aracurruirro,
1261 2124 1350 2200 onis,
1380 2124 1402 2187 f.
1430 2122 1657 2206 eircumjectio.

936 2216 1019 2295 Vulp.
1042 2222 1067 2276 l.
1094 2216 1172 2277 Patr.
1196 2220 1236 2289 3,
1256 2220 1285 2277 3.
1308 2212 1443 2286 Quarum
1461 2213 1657 2298 (mulierum)

930 2323 992 2366 non
1004 2302 1048 2366 sic
1060 2303 1244 2365 extrinsecus
1257 2302 1446 2383 capillatura,
1460 2313 1512 2365 aut
1525 2304 1659 2365 circum-

931 2392 1012 2455 datio
1031 2392 1110 2454 auri.
1133 2393 1247 2453 Thema
1263 2393 1347 2455 Thes.
1363 2411 1433 2455 aaa.
1448 2392 1513 2455 Lat.
1532 2413 1563 2474 p.
1585 2400 1655 2457 189.

929 2481 985 2544 Hic
1004 2480 1148 2556 ambitus,
1163 2480 1246 2561 quod
1259 2490 1289 2542 et
1303 2499 1356 2562 pro
1372 2479 1614 2545 circumdatione
1628 2493 1659 2546 et

931 2589 984 2653 pro
1000 2567 1163 2651 cupiditate
1179 2566 1300 2632 dicitur.

970 2654 1203 2732 CIRCUMde,
1221 2674 1267 2734 as,
1283 2675 1346 2733 are,
1358 2660 1501 2721 admbr.
1515 2661 1555 2721 Ia
1569 2662 1658 2742 Lata,

929 2752 999 2813 init.
1013 2747 1062 2825 Et,
1075 2758 1221 2831 tanquam
1233 2745 1333 2810 bouus
1347 2749 1456 2809 animae
1472 2745 1568 2824 leber,
1585 2750 1660 2811 vitia

931 2849 1036 2900 nostra
1061 2835 1272 2900 circumdolat.
1285 2870 1326 2884 -
1339 2835 1435 2918 cnjus
1456 2835 1539 2898 verbi
1560 2850 1662 2900 exstat

932 2946 981 3009 ap.
997 2928 1076 2987 Ptin.
1092 2924 1282 3007 participium
1300 2926 1544 2988 dreamdoiatac.

972 3012 1294 3090 CIRCUMDUGTIVUS,
1310 3033 1345 3089 a,
1361 3032 1426 3089 um,
1442 3012 1506 3096 adj.
1525 3013 1585 3087 Qui
1600 3016 1662 3078 cir·

932 3103 1065 3167 cumdat.
1081 3105 1159 3166 Boet.
1176 3102 1275 3166 deam.
1298 3109 1332 3177 3,
1350 3122 1382 3183 p.
1404 3108 1492 3167 1594.
1511 3102 1663 3167 Sumatur

932 3191 1174 3255 circumductivae
1187 3189 1365 3272 quantitatis
1380 3189 1540 3254 medietas.

972 3276 1348 3356 CIRCUMFLExlBlLIs,e,
1356 3278 1661 3362 31].6113313113133.

932 3371 1065 3449 Appead.
1075 3370 1296 3431 adblacaobbe
1309 3370 1427 3451 Verbp.
1436 3372 1661 3445 arteriasve.

934 3457 984 3521 Sic
999 3458 1092 3540 igitur
1107 3457 1232 3520 verbum
1252 3457 1383 3520 activum
1401 3459 1560 3540 praesentis
1579 3469 1664 3522 tern-

934 3545 1017 3628 poris
1036 3545 1194 3608 indicativi
1208 3545 1292 3608 modi
1308 3545 1417 3629 primae
1432 3546 1663 3630 conjugationis

933 3632 1227 3697 circumflexibilium
1242 3632 1384 3698 flectitur.

973 3734 1296 3800 cmcuuruuanrm,
1308 3742 1346 3801 aa,
1359 3722 1661 3806 castrametatae

934 3816 1033 3877 cbatr.
1050 3815 1190 3877 Academ.
1212 3821 1239 3890 l,
1262 3820 1288 3875 l.
1308 3811 1559 3877 circumfluentia
1574 3814 1663 3879 divi-

935 3901 1060 3965 tiarum.

974 3989 1662 4073 33333333133313,13111131131311133.

933 4082 1026 4159 Epist.
1044 4089 1072 4155 5,
1090 4087 1139 4142 33.
1155 4079 1222 4141 Non
1237 4097 1291 4160 ego
1306 4096 1354 4139 mc
1365 4078 1481 4142 vallabo
1495 4078 1666 4145 circumfu-

934 4169 1019 4231 sione
1034 4167 1151 4251 populi.
1165 4170 1212 4231 Id.
1227 4168 1268 4229 De
1281 4169 1370 4230 Jacob
1383 4179 1410 4230 31
1426 4171 1480 4230 Vit.
1493 4169 1568 4234 beat.
1586 4177 1614 4248 l,
1631 4180 1661 4234 1.

933 4254 1122 4319 Desideravit
1138 4275 1205 4318 eam
1221 4275 1289 4336 quae
1303 4256 1437 4319 hostium
1452 4269 1515 4321 erat
1528 4258 1665 4323 circum-

935 4347 1054 4410 fusione
1069 4346 1190 4409 vallata.
1202 4381 1241 4396 -
1253 4349 1377 4413 Forccit.
1396 4349 1577 4414 translatum
1590 4372 1664 4417 scn-

934 4456 1002 4499 sum
1018 4437 1147 4518 ignorat.

972 4525 1302 4604 CIRCUMLATRSTOR,
1318 4527 1393 4602 oris,
1406 4547 1446 4592 m.
1459 4527 1518 4601 Qui
1528 4531 1665 4595 circum-

933 4617 1034 4679 latrat.
1050 4619 1155 4679 daban.
1173 4617 1223 4678 Or.
1237 4621 1341 4680 morit.
1359 4623 1429 4679 390.
1444 4617 1584 4682 Oceanus
1602 4621 1664 4686 iste

933 4718 990 4782 est,
1004 4706 1087 4768 orbis
1103 4705 1190 4769 effusi
1206 4707 1308 4787 procul
1323 4705 1586 4787 circumlatratur,
1603 4710 1664 4774 ista

933 4805 1043 4876 pontus
1060 4794 1222 4856 maximus.
1237 4829 1278 4840 —
1292 4794 1339 4858 ci.
1359 4798 1438 4875 Viro.
1454 4798 1524 4861 AEa.
1541 4807 1571 4877 7,
1586 4807 1661 4867 588.

933 4882 1036 4946 Multis
1048 4882 1347 4948 circumlatrantibus
1362 4882 1469 4949 undis.
