3542 5550
414 397 503 470 naa
1192 391 1274 470 444
1519 396 1584 468 aar
1684 481 1688 492 ,

96 544 202 609 bulum
216 546 490 628 praetermisissem,
510 544 572 608 nisi
586 544 822 628 jamdictorum
914 539 1044 629 464460,
1064 544 1102 622 ia,
1126 563 1186 625 ere,
1209 564 1238 609 a.
1259 546 1371 607 lterum
1391 561 1448 625 ago
1467 544 1513 605 rel
1533 543 1593 606 iiu-

97 646 249 699 auotorem
262 634 414 718 haberet.)
876 633 955 717 pallo
972 633 1071 715 (unde
1087 635 1227 718 gallicum
1241 634 1369 716 rlapir).
1386 634 1489 697 Aoieo.
1507 635 1592 698 Aret.

136 722 327 802 4484544416,
353 744 390 803 a,
410 743 484 803 um,
508 723 571 807 adj.
597 723 709 788 Raaua.
730 725 820 787 (liora
877 731 946 789 666.
958 723 992 787 ln
1002 732 1129 808 pontum
1144 733 1270 808 reagunt
1284 724 1369 787 luera
1379 741 1498 806 semper
1506 722 1597 786 hian-

96 814 172 876 laid.
190 813 326 890 llallum,
349 813 512 876 rasorium.
535 814 624 877 Gloaa.
644 814 737 891 cyril.
762 815 823 873 Ξυ-
876 813 1378 890 tes.-l1eliuslloror.carm.1‚
1397 818 1444 890 14,
1460 810 1597 875 4044-

96 902 182 980 στήρ,
198 902 286 979 ralla,
306 901 428 978 rollum,
443 901 551 977 rallns,
567 901 729 965 rasorium.
747 903 823 966 044-
877 905 923 967 ris
935 909 1063 984 referent
1079 902 1111 965 in
1128 923 1212 967 mara
1228 902 1339 967 tenori
1354 902 1488 966 Fluctua.

95 1003 185 1056 mort.
201 992 255 1058 lat.
272 1013 319 1074 pr.
335 992 499 1068 Rasorius,
516 993 649 1076 κουρικός.
915 992 1052 1071 Rullus,
1066 1013 1094 1072 a,
1110 992 1173 1073 adi.
1184 992 1241 1066 Qui
1253 1009 1358 1057 revera
1369 991 1487 1054 exsistit
1500 989 1595 1072 (ra'ei).

135 1075 431 1157 ΒᾸΤΙῦΝᾹΒῘιΙῦθ,
462 1082 531 1144 adv.
563 1100 696 1164 compar.
725 1075 823 1146 Prior.¹
879 1085 981 1148 Thera.
1007 1086 1088 1147 Ther.
1108 1101 1178 1147 nou.
1198 1084 1261 1146 Lot.
1283 1099 1317 1164 p.
1334 1088 1406 1145 aot.
1428 1079 1542 1144 Rea...
1560 1079 1599 1143 Et

97 1188 128 1252 p.
148 1176 220 1232 661.
240 1170 326 1235 Unda
346 1170 543 1234 manifestum
565 1170 710 1253 estquod
728 1172 821 1235 ratio-
877 1171 951 1235 inde
964 1171 1136 1236 llioethaee
1152 1170 1251 1247 realis,
1267 1181 1297 1234 et
1309 1165 1599 1234 hoereala.lltinda

97 1256 235 1321 nabilius
254 1259 312 1323 hoe
332 1258 501 1324 seeundum
520 1260 653 1345 primam
676 1261 822 1346 conjuga·
877 1259 1598 1342 444414444444444444444444,4444444444,

97 1346 211 1412 tionem
231 1348 356 1432 protulit
373 1348 534 1431 Virgilius.
555 1352 632 1430 Aop.
655 1352 695 1413 lle
709 1354 821 1416 Peccut.
879 1353 953 1414 Noa.
971 1353 1042 1414 Call.
1059 1360 1082 1411 t.
1097 1349 1150 1430 ΙΙΙ,
1165 1371 1198 1433 p.
1212 1368 1301 1414 xr111.
1316 1347 1390 1413 Vid.
1404 1368 1433 1411 v.
1453 1367 1518 1430 aeq.

97 1438 194 1500 liar-it.
209 1443 239 1513 l,
254 1444 302 1499 13.
314 1437 407 1501 Multo
416 1437 498 1501 anim
506 1438 836 1504 rationabiliusrldam‘
918 1436 1106 1514 REr‘tLil‘laR,
1116 1439 1184 1502 adv.
1197 1434 1598 1522 supramemoratum.

98 1526 208 1590 dicitur
226 1528 360 1592 imitator
373 1527 500 1593 diaboli.
878 1550 907 1590 r.
926 1529 1056 1612 praeed.
1073 1530 1166 1609 0449.
1188 1547 1284 1591 unum
1307 1528 1477 1612 exemplum
1498 1526 1599 1609 refert,

137 1608 353 1694 4444Ιό4443,
370 1616 410 1692 is,
430 1636 462 1682 n.
478 1615 697 1681 Ornamentum
720 1617 823 1700 magni
879 1617 1046 1701 additque:
1062 1644 1076 1674 ι
1091 1615 1210 1680 Passim
1227 1616 1356 1682 ooeurrit
1371 1615 1602 1699 apudPhiloso·

98 1702 370 1788 saoardotisapud
387 1704 519 1772 ludaeos.
547 1708 629 1788 Vale.
652 1709 747 1771 and.
773 1705 839 1783 26,
878 1708 969 1792 phos,
981 1719 1014 1771 ut
1024 1719 1054 1771 et
1066 1708 1233 1784 resumta,
1247 1725 1302 1789 pro
1310 1705 1599 1789 Reipsa'exaistana;

99 1801 151 1857 28.
177 1795 215 1857 Et
236 1793 404 1879 attingatur
426 1796 574 1861 rationale
591 1797 723 1860 annulis
746 1796 821 1860 auis.
880 1795 934 1859 aad
954 1794 986 1859 id
1007 1807 1112 1860 notum
1133 1807 1178 1859 eal
1198 1792 1354 1859 omnibus.
1373 1821 1388 1851 ι
1405 1794 1505 1867 Quam,
1519 1794 1601 1862 loaoa

98 1885 176 1946 lota
207 1884 330 1967 sapius.
357 1887 441 1950 Hier.
465 1889 560 1966 Epist.
588 1891 684 1952 critic.
713 1889 753 1969 (t.
779 1886 822 1965 ll,
879 1886 989 1950 citasse
1003 1886 1104 1949 velim.

97 1993 132 2055 p.
163 1975 260 2056 681),
295 1974 340 2037 Ad
370 1976 536 2040 Fabiolam.
571 1976 673 2041 Graeoe
703 1986 825 2041 roratur
919 1986 1117 2054 REAMPLIO,
1138 1995 1189 2053 as,
1207 1995 1274 2050 are,
1290 1994 1319 2038 a.
1339 1974 1474 2058 emptio,
1493 1991 1600 2056 augeo.

48 2095 51 2101 ·
99 2063 200 2140 λόγων,
213 2081 271 2126 nos
285 2064 432 2127 rationale
444 2084 607 2148 possumus
622 2065 822 2150 appellare...
882 2067 973 2145 cypr.
993 2068 1032 2129 Da
1051 2066 1144 2129 Laud.
1167 2066 1308 2144 Hortor„
1329 2066 1385 2127 aab
1399 2066 1467 2127 init.
1484 2063 1520 2126 lit
1533 2081 1602 2126 ma·

99 2150 227 2214 Pannoa
244 2161 290 2215 ast
308 2152 410 2217 brevia
429 2172 464 2216 er
480 2173 554 2218 auro
571 2166 600 2218 et
617 2166 746 2237 quatuor
761 2165 825 2217 tax·
878 2152 972 2235 iosias
990 2152 1125 2217 nominis
1139 2151 1366 2236 reampliator..

101 2250 151 2302 tus
165 2238 331 2318 coloribus,
346 2241 403 2305 hoe
418 2252 464 2305 est
477 2241 588 2306 iisdem
601 2242 716 2326 quibua
731 2254 760 2307 et
772 2262 825 2306 su·
920 2253 1122 2319 REAUDIOR,
1151 2241 1225 2315 iris,
1257 2241 1311 2319 iri,
1337 2263 1368 2326 p.
1397 2242 1484 2308 Gloas.
1517 2240 1600 2303 Plau.

99 2329 327 2411 perhumarala.
357 2331 395 2395 St
415 2330 479 2395 rid.
496 2334 625 2396 Euenor.
651 2351 718 2416 sup.
744 2333 776 2395 in
795 2354 824 2396 r.
880 2353 911 2415 p.
934 2339 1003 2398 497.
1022 2331 1181 2395 Resultare
1195 2330 1338 2395 dicontur
1350 2350 1455 2395 roouru
1473 2327 1602 2409 sonitus,

101 2436 226 2484 moron.
241 2417 290 2481 Gi.
306 2420 398 2500 Corio.
882 2421 914 2484 id
928 2431 973 2486 est
986 2420 1132 2484 reaudiri.

142 2517 336 2585 RAUCESGO,
355 2509 394 2586 is,
415 2529 480 2587 ere,
496 2529 528 2573 n.
545 2511 668 2575 Renoua
685 2511 735 2575 fio.
754 2514 824 2576 laid.
922 2507 1192 2589 ΒΕΒΑΡΤΙΖᾸΤΙΟ,
1209 2511 1293 2592 onis,
1312 2509 1336 2571 i.
1351 2508 1511 2575 Secundus
1525 2507 1605 2591 bap·

103 2599 157 2661 Or.
179 2604 228 2671 12,
248 2605 276 2664 7.
292 2598 330 2660 At
351 2597 405 2662 ubi
422 2598 568 2663 raucescit
584 2599 708 2683 (gruis),
723 2619 827 2665 succe
881 2599 1004 2665 tismua.
1025 2606 1101 2682 Aup.
1118 2603 1173 2682 Ep.
1192 2602 1458 2678 4044444444.
1478 2598 1537 2663 Sed
1552 2597 1606 2662 illo

101 2685 149 2749 dit
162 2685 235 2753 alia.
884 2688 1023 2768 absente,
1041 2709 1137 2774 quum
1154 2689 1274 2754 diaconi
1290 2688 1484 2771 rebaptizatio
1501 2706 1605 2752 reeens

142 2772 377 2857 4466444468,
394 2800 423 2855 a,
440 2798 507 2856 um,
523 2779 588 2863 adj.
609 2782 725 2845 Tltoma·
744 2782 824 2844 Thes.
883 2798 951 2844 essa
977 2778 1100 2857 dicitur,
1128 2791 1183 2845 eto.
1217 2781 1250 2844 S.
1281 2782 1378 2858 opici.
1409 2781 1449 2841 De
1474 2778 1602 2841 Saluiam.

99 2884 173 2929 nou.
189 2867 251 2929 lat.
270 2888 301 2951 p.
321 2874 391 2932 449.
413 2866 614 2945 Rancidulus‚
637 2868 827 2951 aliquantum
883 2872 987 2933 Dmrot.
1006 2877 1035 2946 7,
1052 2878 1081 2934 4.
1096 2870 1156 2939 llos
1170 2871 1375 2935 exterminatis
1391 2868 1423 2930 in
1439 2867 1606 2952 rebaptiza-

100 2972 225 3017 raucus.
241 2954 279 3017 St
291 2958 402 3020 lolium
422 2959 458 3021 da
469 2960 541 3024 loo.
557 2992 596 3007 -
610 2959 683 3034 Qua
697 2978 751 3023 uox
767 2958 828 3042 igi·
883 2960 964 3024 tione
975 2959 1153 3024 suavitatem
1168 2960 1225 3025 olei
1240 2961 1323 3023 illius
1338 2958 1420 3040 quod
1437 2956 1607 3022 innomine

102 3053 153 3106 tur
165 3046 349 3125 Hieronycw
363 3046 448 3110 haud
462 3046 554 3112 dubie
567 3057 731 3112 asseratur.
883 3048 996 3113 Christi
1011 3050 1179 3137 conseptum
1194 3060 1250 3114 est.
1268 3050 1379 3114 Correil.
1396 3048 1535 3127 eor-raon.
1553 3065 1606 3110 an.

142 3145 273 3212 Rauca),
292 3153 337 3198 as.
353 3134 424 3198 vio.
440 3154 553 3202 nacco.
885 3146 954 3204 346.
979 3138 1117 3204 Universi
1142 3140 1276 3225 episcopi
1302 3138 1473 3203 dixerunt:
1498 3135 1605 3212 Absit,

142 3221 258 3299 4444,
278 3222 347 3287 adr.
364 3225 476 3290 Ranae.
501 3229 593 3291 Gloss.
619 3230 694 3291 isid.
721 3227 827 3303 Baria,
884 3228 991 3294 absit:
1017 3228 1138 3293 illicitas
1162 3248 1229 3293 esse
1254 3228 1408 3292 sancimus
1436 3224 1607 3309 rebaptiza-

100 3331 174 3377 rare
183 3312 277 3393 (male
286 3313 533 3398 rarialloquitur.
546 3318 717 3382 otoo-Vol.
729 3328 751 3383 t.
763 3316 828 3393 llll,
883 3317 993 3382 tiones.
1380 3345 1382 3350 ·
1561 3308 1566 3319 ’

100 3422 134 3485 p.
158 3409 229 3466 576.
247 3402 351 3483 lircil,
376 3424 445 3469 rare
464 3405 558 3486 (mala
574 3412 659 3490 pare)
683 3407 827 3490 loquitur.
923 3404 1145 3483 REBELLIUM,
1165 3406 1208 3481 ii,
1232 3427 1265 3471 n.
1292 3408 1406 3470 llwmae
1428 3405 1509 3469 rna.
1534 3422 1604 3468 noo.

102 3491 195 3555 diora.
210 3492 289 3554 Pitlt.
308 3492 407 3571 Rarit,
422 3512 493 3559 rara
506 3495 599 3576 (male
612 3497 714 3578 rauce)
729 3495 828 3579 loqui·
882 3498 945 3562 Lot.
961 3518 992 3582 p.
1005 3504 1074 3563 569.
1087 3496 1267 3575 Rubellium,
1279 3493 1441 3559 discordia.
1456 3492 1502 3558 af.
1514 3494 1605 3574 Coae.

103 3589 164 3644 tur.
183 3615 224 3627 -
239 3580 321 3653 Quid
336 3581 376 3644 sit
395 3602 473 3646 rouo
490 3604 564 3660 oon,
590 3595 695 3648 notum
720 3586 764 3647 rel
784 3594 830 3649 est
884 3622 924 3633 —
941 3586 1006 3661 Quo
1022 3587 1166 3651 voeabula
1182 3603 1272 3651 usum
1294 3604 1362 3649 esse
1380 3582 1516 3658 4444444,
1536 3584 1607 3666 quia

102 3669 196 3732 Festo.
884 3674 1178 3742 auaiteonteudera?

144 3754 357 3837 REAEDIFicQ
379 3781 430 3841 as,
448 3781 516 3842 aro,
533 3781 562 3825 a.
584 3763 696 3827 lterum
716 3762 829 3828 aedifico
923 3763 1071 3842 4464416,
1092 3785 1120 3845 e,
1136 3764 1197 3848 adj.
1213 3765 1319 3847 (reor).
1336 3762 1502 3847 Cogitatua.
1513 3765 1604 3829 diora

102 3848 190 3932 (gall.
205 3850 363 3933 reddifier).
384 3852 446 3914 liu.
470 3859 499 3928 5,
521 3858 570 3915 53.
588 3851 667 3927 Quia
685 3852 767 3936 piget
780 3873 829 3917 re·
883 3856 1002 3919 Pliiloa.
1021 3853 1138 3930 debile,
1152 3855 1255 3931 olardi.

104 3936 268 4013 adificare,
285 3938 348 4001 hae
367 3938 516 4003 dedecora
537 3942 599 4022 pati
618 3943 716 4024 parati
736 3944 829 4006 estis?
925 3942 1286 4021 naamitarum,
1323 3942 1366 4019 ii,
1401 3963 1432 4007 4.
1470 3946 1606 4010 amaon.

104 4028 171 4108 (Sia
189 4030 291 4092 Elaea.
307 4039 335 4093 et
352 4030 478 4095 Grorwo.
500 4029 587 4103 Quod
608 4051 668 4096 non
686 4052 831 4117 apamen·
887 4033 998 4098 Garrod.
1018 4034 1116 4098 lortit.
1136 4039 1164 4108 1,
1181 4038 1211 4097 6.
1227 4031 1354 4096 Gestant
1365 4043 1466 4096 autam
1481 4032 1608 4096 restion-

105 4114 194 4179 dum.
214 4114 276 4179 Sed
290 4119 438 4197 adificare
457 4117 549 4182 habat
566 4120 729 4202 Drolrcob.)
747 4122 830 4202 Volo.
884 4123 932 4186 las
946 4122 1098 4206 duplicas,
1113 4122 1201 4187 laneo
1215 4122 1316 4206 plexas
1328 4118 1515 4200 subtemina,
1530 4139 1609 4204 quas

103 4207 209 4270 444444.
230 4213 281 4284 46,
298 4213 348 4271 64.
364 4209 546 4274 Possum...
570 4218 600 4272 et
613 4221 681 4294 post
694 4209 832 4274 triduum
885 4210 981 4275 Greci
995 4210 1142 4290 drudolrir,
1161 4230 1217 4275 noa
1231 4229 1301 4275 vero
1316 4210 1533 4288 succinctoria,
1554 4228 1608 4274 aaa

106 4293 290 4358 reaedificare
313 4295 389 4358 illud
413 4296 596 4381 (templum).
615 4300 692 4362 ibid.
709 4299 829 4382 saepius.
887 4300 1076 4379 redimicula,
1091 4301 1136 4364 vel
1150 4299 1271 4384 proprie
1290 4298 1527 4363 rebrachiatoria
1537 4316 1609 4381 pos·

104 4384 178 4447 laid.
210 4385 263 4449 Or.
292 4390 327 4462 7,
345 4393 374 4448 6.
398 4386 475 4449 Nam
497 4396 526 4450 et
548 4388 692 4471 templum
709 4388 832 4452 Domini
887 4409 994 4455 sumus
1017 4390 1180 4474 appellare.
1202 4392 1319 4457 atoma
1346 4392 1426 4454 ruer.
1451 4406 1521 4452 nou.
1545 4389 1606 4452 dot·

106 4471 201 4536 iidem
212 4472 604 4540 reedificaveruntlrnnod
619 4480 673 4542 Via.
681 4479 712 4542 S.
722 4479 831 4560 Eripit.
887 4503 918 4564 p.
932 4487 963 4544 4.
977 4480 1137 4545 Braohiola
1151 4479 1375 4545 venustissimis
1389 4476 1530 4562 supparia
1545 4497 1610 4541 am·

105 4582 137 4646 p.
148 4562 744 4649 aar.lteaedifioanoisumpsitanimum.
755 4572 833 4633 Zcrto
887 4569 960 4636 hita.
978 4568 1053 4651 (Ubi
1068 4570 1171 4652 glossa
1187 4589 1194 4636 :
1211 4568 1376 4654 Sapparis,
1398 4568 1609 4632 rebrachiata·
1668 4579 1674 4591 ’

113 4654 213 4717 l'crom
230 4673 261 4736 p.
280 4658 347 4715 496.
363 4653 478 4718 Horrea
488 4655 595 4734 diruit,
610 4669 639 4720 et
658 4657 773 4741 majora
788 4676 833 4721 re·
887 4659 956 4735 riis,
975 4659 1036 4743 leg.
1054 4659 1325 4743 rebrachiatoriia.)
1340 4659 1386 4723 Gi.
1403 4659 1495 4739 cmo.
1508 4693 1548 4706 -
1565 4658 1609 4721 Ex

107 4740 248 4804 edificat.
264 4745 278 4821 ΙΙ
300 4741 470 4808 Translate.
498 4747 581 4809 Hier.
605 4748 659 4827 Ep.
682 4756 712 4822 2,
740 4754 771 4822 3,
791 4749 836 4810 Ad
887 4748 938 4810 hia
958 4748 1137 4831 colligamus
1157 4750 1427 4814 ammonariam
1448 4766 1515 4810 asse
1537 4764 1609 4829 par·

107 4830 267 4893 Sabinam.
284 4830 517 4896 Reaedilicarrtur
532 4853 638 4899 omnes
657 4834 836 4919 qnifaoiunt
888 4856 956 4902 ram
977 4847 1093 4920 partem
1113 4839 1238 4903 restitus
1256 4837 1354 4900 virilia
1374 4856 1428 4901 seu
1449 4835 1610 4901 muliebria

109 4916 228 5003 iniqua.
247 4919 321 4982 Tcrt.
338 4921 516 4987 llePadioit.
535 4929 570 4986 14
585 4934 614 4987 et
628 4924 790 4989 ait-Vm
803 4924 834 4987 in
887 4943 955 5008 quae
974 4923 1111 4988 humeris
1133 4924 1305 5003 inducitur,
1330 4936 1363 4989 ut
1385 4925 1467 5009 apud
1488 4944 1545 4989 noa
1562 4944 1614 4988 ura

109 5004 226 5070 Lexieia
240 5007 388 5072 haetenus
400 5029 460 5074 uon
474 5012 550 5075 satis
563 5011 694 5076 firmata.
885 5015 958 5092 pacit
968 5013 1062 5091 collat,
1076 5032 1136 5078 aaa
1148 5016 1280 5094 pnimpc.
1295 5013 1409 5091 Quam,
1426 5011 1505 5078 inter
1518 5013 1607 5090 alios,

1411 5126 1602 5207 ro⁴
