<?xml version="1.0" encoding="UTF-8"?>
<!DOCTYPE html PUBLIC "-//W3C//DTD XHTML 1.0 Transitional//EN"
    "http://www.w3.org/TR/xhtml1/DTD/xhtml1-transitional.dtd">
<html xmlns="http://www.w3.org/1999/xhtml" xml:lang="en" lang="en">
 <head>
  <title>
</title>
<meta http-equiv="Content-Type" content="text/html;charset=utf-8" />
  <meta name='ocr-system' content='tesseract 3.04.00' />
  <meta name='ocr-capabilities' content='ocr_page ocr_carea ocr_par ocr_line ocrx_word'/>
</head>
<body>
  <div class='ocr_page' id='page_1' title='image "./addendalexicisl00unkngoog_0217.png"; bbox 0 0 3542 5550; ppageno 0'>
   <div class='ocr_carea' id='block_1_1' title="bbox 447 369 529 439">
    <p class='ocr_par' dir='ltr' id='par_1_1' title="bbox 447 369 529 439">
     <span class='ocr_line' id='line_1_1' title="bbox 447 369 529 439; baseline 0 -1"><span class='ocrx_word' id='word_1_1' title='bbox 447 369 529 439; x_wconf 82' lang='lat' dir='ltr'><strong>PAL</strong></span> 
     </span>
    </p>
   </div>
   <div class='ocr_carea' id='block_1_2' title="bbox 116 516 848 5056">
    <p class='ocr_par' dir='ltr' id='par_1_2' title="bbox 120 516 848 687">
     <span class='ocr_line' id='line_1_2' title="bbox 120 516 848 599; baseline -0.003 -18"><span class='ocrx_word' id='word_1_2' title='bbox 120 520 247 583; x_wconf 81' lang='lat' dir='ltr'><strong>Foroall.</strong></span> <span class='ocrx_word' id='word_1_3' title='bbox 268 516 375 581; x_wconf 89' lang='lat' dir='ltr'><strong>laudat</strong></span> <span class='ocrx_word' id='word_1_4' title='bbox 392 518 492 597; x_wconf 81' lang='lat' dir='ltr'><strong>Gopcl.</strong></span> <span class='ocrx_word' id='word_1_5' title='bbox 513 525 544 592; x_wconf 85' lang='lat'><strong>5,</strong></span> <span class='ocrx_word' id='word_1_6' title='bbox 566 537 597 599; x_wconf 88' lang='lat' dir='ltr'><strong>p.</strong></span> <span class='ocrx_word' id='word_1_7' title='bbox 619 523 686 594; x_wconf 79' lang='lat'><strong>175,</strong></span> <span class='ocrx_word' id='word_1_8' title='bbox 707 535 768 599; x_wconf 88' lang='lat' dir='ltr'><strong>quo</strong></span> <span class='ocrx_word' id='word_1_9' title='bbox 784 516 848 580; x_wconf 88' lang='lat' dir='ltr'><strong>loco</strong></span> 
     </span>
     <span class='ocr_line' id='line_1_3' title="bbox 121 608 660 687; baseline -0.006 -16"><span class='ocrx_word' id='word_1_10' title='bbox 121 608 267 671; x_wconf 80' lang='lat' dir='ltr'>scribitur</span> <span class='ocrx_word' id='word_1_11' title='bbox 280 627 341 671; x_wconf 91' lang='lat' dir='ltr'><strong>non</strong></span> <span class='ocrx_word' id='word_1_12' title='bbox 357 608 399 670; x_wconf 88' lang='lat' dir='ltr'><strong>ita</strong></span> <span class='ocrx_word' id='word_1_13' title='bbox 412 616 490 670; x_wconf 90' lang='lat' dir='ltr'><strong>recte</strong></span> <span class='ocrx_word' id='word_1_14' title='bbox 502 608 660 687; x_wconf 77' lang='lat' dir='ltr'><strong>politopio.</strong></span> 
     </span>
    </p>

    <p class='ocr_par' dir='ltr' id='par_1_3' title="bbox 120 695 845 870">
     <span class='ocr_line' id='line_1_4' title="bbox 161 695 845 780; baseline 0 -19"><span class='ocrx_word' id='word_1_15' title='bbox 161 699 411 763; x_wconf 72' lang='lat' dir='ltr'><strong>PALLEFAGTUS</strong></span> <span class='ocrx_word' id='word_1_16' title='bbox 439 716 525 774; x_wconf 88' lang='lat' dir='ltr'><strong>sum,</strong></span> <span class='ocrx_word' id='word_1_17' title='bbox 553 696 632 780; x_wconf 86' lang='lat' dir='ltr'><strong>parf.</strong></span> <span class='ocrx_word' id='word_1_18' title='bbox 658 717 676 759; x_wconf 91' lang='lat' dir='ltr'><strong>a</strong></span> <span class='ocrx_word' id='word_1_19' title='bbox 700 695 845 761; x_wconf 87' lang='lat' dir='ltr'><strong>Pallesco.</strong></span> 
     </span>
     <span class='ocr_line' id='line_1_5' title="bbox 120 790 356 870; baseline -0.004 -21"><span class='ocrx_word' id='word_1_20' title='bbox 120 790 219 850; x_wconf 74' lang='lat' dir='ltr'><strong>otum.</strong></span> <span class='ocrx_word' id='word_1_21' title='bbox 235 809 266 870; x_wconf 89' lang='lat' dir='ltr'><strong>p.</strong></span> <span class='ocrx_word' id='word_1_22' title='bbox 286 794 356 849; x_wconf 85' lang='grc'><strong>334.</strong></span> 
     </span>
    </p>

    <p class='ocr_par' dir='ltr' id='par_1_4' title="bbox 118 878 847 1208">
     <span class='ocr_line' id='line_1_6' title="bbox 161 878 845 958; baseline -0.004 -18"><span class='ocrx_word' id='word_1_23' title='bbox 161 888 396 952; x_wconf 80' lang='lat' dir='ltr'><strong>PALLENTIOR,</strong></span> <span class='ocrx_word' id='word_1_24' title='bbox 406 894 456 957; x_wconf 86' lang='lat' dir='ltr'><strong>us,</strong></span> <span class='ocrx_word' id='word_1_25' title='bbox 466 887 545 958; x_wconf 88' lang='lat' dir='ltr'><strong>part.</strong></span> <span class='ocrx_word' id='word_1_26' title='bbox 557 895 691 958; x_wconf 89' lang='lat' dir='ltr'><strong>compar.</strong></span> <span class='ocrx_word' id='word_1_27' title='bbox 700 878 845 954; x_wconf 76' lang='lat' dir='ltr'><strong>Baptista.</strong></span> 
     </span>
     <span class='ocr_line' id='line_1_7' title="bbox 118 964 846 1047; baseline -0.005 -18"><span class='ocrx_word' id='word_1_28' title='bbox 118 969 253 1030; x_wconf 73' lang='grc'><strong>11444144.</strong></span> <span class='ocrx_word' id='word_1_29' title='bbox 269 987 296 1029; x_wconf 86' lang='lat' dir='ltr'><strong>v.</strong></span> <span class='ocrx_word' id='word_1_30' title='bbox 312 974 361 1029; x_wconf 84' lang='grc'><strong>63.</strong></span> <span class='ocrx_word' id='word_1_31' title='bbox 379 965 584 1047; x_wconf 83' lang='lat' dir='ltr'><strong>Membrisque</strong></span> <span class='ocrx_word' id='word_1_32' title='bbox 604 964 731 1038; x_wconf 85' lang='lat' dir='ltr'><strong>intenta,</strong></span> <span class='ocrx_word' id='word_1_33' title='bbox 752 965 846 1026; x_wconf 88' lang='lat' dir='ltr'><strong>lacer-</strong></span> 
     </span>
     <span class='ocr_line' id='line_1_8' title="bbox 119 1054 847 1136; baseline -0.004 -17"><span class='ocrx_word' id='word_1_34' title='bbox 119 1059 161 1119; x_wconf 89' lang='lat' dir='ltr'><strong>tis</strong></span> <span class='ocrx_word' id='word_1_35' title='bbox 189 1055 305 1119; x_wconf 78' lang='lat' dir='ltr'>Pendet</span> <span class='ocrx_word' id='word_1_36' title='bbox 330 1058 362 1119; x_wconf 93' lang='lat' dir='ltr'><strong>iu</strong></span> <span class='ocrx_word' id='word_1_37' title='bbox 389 1056 564 1118; x_wconf 81' lang='lat' dir='ltr'><strong>exanimum</strong></span> <span class='ocrx_word' id='word_1_38' title='bbox 590 1055 753 1136; x_wconf 87' lang='lat' dir='ltr'><strong>pallentior</strong></span> <span class='ocrx_word' id='word_1_39' title='bbox 778 1054 847 1136; x_wconf 91' lang='lat' dir='ltr'><strong>ipsa</strong></span> 
     </span>
     <span class='ocr_line' id='line_1_9' title="bbox 122 1146 282 1208; baseline 0.006 -1"><span class='ocrx_word' id='word_1_40' title='bbox 122 1146 282 1208; x_wconf 91' lang='lat' dir='ltr'><strong>maritum.</strong></span> 
     </span>
    </p>

    <p class='ocr_par' dir='ltr' id='par_1_5' title="bbox 125 1230 844 1405">
     <span class='ocr_line' id='line_1_10' title="bbox 161 1230 844 1310; baseline -0.007 -12"><span class='ocrx_word' id='word_1_41' title='bbox 161 1230 380 1305; x_wconf 69' lang='lat' dir='ltr'><strong>puniamus,</strong></span> <span class='ocrx_word' id='word_1_42' title='bbox 397 1232 467 1309; x_wconf 86' lang='lat' dir='ltr'><strong>atis,</strong></span> <span class='ocrx_word' id='word_1_43' title='bbox 483 1230 505 1294; x_wconf 86' lang='grc'><strong>1.</strong></span> <span class='ocrx_word' id='word_1_44' title='bbox 521 1232 631 1293; x_wconf 86' lang='lat' dir='ltr'><strong>Pallor.</strong></span> <span class='ocrx_word' id='word_1_45' title='bbox 648 1232 844 1310; x_wconf 71' lang='grc'><strong>0144404111.</strong></span> 
     </span>
     <span class='ocr_line' id='line_1_11' title="bbox 125 1322 459 1405; baseline 0.006 -22"><span class='ocrx_word' id='word_1_46' title='bbox 125 1324 274 1405; x_wconf 72' lang='grc' dir='ltr'><strong>Ὠχρότης,</strong></span> <span class='ocrx_word' id='word_1_47' title='bbox 291 1322 459 1405; x_wconf 74' lang='lat' dir='ltr'><strong>palliditas.</strong></span> 
     </span>
    </p>

    <p class='ocr_par' dir='ltr' id='par_1_6' title="bbox 117 1408 848 2118">
     <span class='ocr_line' id='line_1_12' title="bbox 160 1408 844 1491; baseline -0.006 -15"><span class='ocrx_word' id='word_1_48' title='bbox 160 1423 298 1481; x_wconf 71' lang='lat' dir='ltr'><strong>pabulo,</strong></span> <span class='ocrx_word' id='word_1_49' title='bbox 312 1430 357 1487; x_wconf 92' lang='lat' dir='ltr'><strong>as,</strong></span> <span class='ocrx_word' id='word_1_50' title='bbox 369 1431 433 1486; x_wconf 87' lang='lat' dir='ltr'><strong>are,</strong></span> <span class='ocrx_word' id='word_1_51' title='bbox 445 1430 473 1473; x_wconf 88' lang='grc'><strong>4.</strong></span> <span class='ocrx_word' id='word_1_52' title='bbox 487 1408 600 1490; x_wconf 75' lang='lat' dir='ltr'><strong>Obtego</strong></span> <span class='ocrx_word' id='word_1_53' title='bbox 613 1410 697 1491; x_wconf 81' lang='lat' dir='ltr'><strong>(gall.</strong></span> <span class='ocrx_word' id='word_1_54' title='bbox 710 1411 844 1491; x_wconf 71' lang='lat' dir='ltr'><strong>pollio).</strong></span> 
     </span>
     <span class='ocr_line' id='line_1_13' title="bbox 118 1500 846 1581; baseline -0.004 -17"><span class='ocrx_word' id='word_1_55' title='bbox 118 1504 211 1564; x_wconf 77' lang='lat' dir='ltr'><strong>Gloss.</strong></span> <span class='ocrx_word' id='word_1_56' title='bbox 235 1503 320 1564; x_wconf 58' lang='lat' dir='ltr'><strong>laida</strong></span> <span class='ocrx_word' id='word_1_57' title='bbox 334 1500 530 1576; x_wconf 70' lang='lat' dir='ltr'><strong>Clanculum,</strong></span> <span class='ocrx_word' id='word_1_58' title='bbox 554 1500 692 1581; x_wconf 88' lang='lat' dir='ltr'><strong>palliare.</strong></span> <span class='ocrx_word' id='word_1_59' title='bbox 718 1501 846 1561; x_wconf 78' lang='lat' dir='ltr'><strong>Pseudo·</strong></span> 
     </span>
     <span class='ocr_line' id='line_1_14' title="bbox 119 1588 846 1671; baseline -0.006 -17"><span class='ocrx_word' id='word_1_60' title='bbox 119 1592 255 1655; x_wconf 78' lang='lat' dir='ltr'><strong>Cassiod.</strong></span> <span class='ocrx_word' id='word_1_61' title='bbox 273 1592 443 1654; x_wconf 75' lang='grc'><strong>1141411411.</strong></span> <span class='ocrx_word' id='word_1_62' title='bbox 464 1596 511 1653; x_wconf 87' lang='grc'><strong>14.</strong></span> <span class='ocrx_word' id='word_1_63' title='bbox 531 1589 608 1652; x_wconf 88' lang='lat' dir='ltr'><strong>Sunt</strong></span> <span class='ocrx_word' id='word_1_64' title='bbox 622 1590 676 1671; x_wconf 91' lang='lat' dir='ltr'><strong>qui</strong></span> <span class='ocrx_word' id='word_1_65' title='bbox 697 1588 846 1651; x_wconf 89' lang='lat' dir='ltr'><strong>ebullien-</strong></span> 
     </span>
     <span class='ocr_line' id='line_1_15' title="bbox 119 1676 845 1758; baseline -0.003 -16"><span class='ocrx_word' id='word_1_66' title='bbox 119 1690 181 1743; x_wconf 89' lang='lat' dir='ltr'><strong>tem</strong></span> <span class='ocrx_word' id='word_1_67' title='bbox 203 1680 331 1743; x_wconf 87' lang='lat' dir='ltr'><strong>interius</strong></span> <span class='ocrx_word' id='word_1_68' title='bbox 352 1691 458 1741; x_wconf 84' lang='lat' dir='ltr'><strong>aestum</strong></span> <span class='ocrx_word' id='word_1_69' title='bbox 480 1678 622 1753; x_wconf 87' lang='lat' dir='ltr'><strong>resaniae,</strong></span> <span class='ocrx_word' id='word_1_70' title='bbox 637 1676 761 1740; x_wconf 90' lang='lat' dir='ltr'><strong>nornine</strong></span> <span class='ocrx_word' id='word_1_71' title='bbox 779 1678 845 1758; x_wconf 88' lang='lat' dir='ltr'><strong>zeli,</strong></span> 
     </span>
     <span class='ocr_line' id='line_1_16' title="bbox 118 1763 847 1851; baseline -0.004 -19"><span class='ocrx_word' id='word_1_72' title='bbox 118 1770 250 1851; x_wconf 82' lang='lat' dir='ltr'>palliant</span> <span class='ocrx_word' id='word_1_73' title='bbox 267 1779 297 1831; x_wconf 93' lang='lat' dir='ltr'><strong>et</strong></span> <span class='ocrx_word' id='word_1_74' title='bbox 316 1769 543 1832; x_wconf 77' lang='grc'><strong>4414411444.</strong></span> <span class='ocrx_word' id='word_1_75' title='bbox 567 1787 598 1848; x_wconf 88' lang='lat' dir='ltr'><strong>p.</strong></span> <span class='ocrx_word' id='word_1_76' title='bbox 620 1773 687 1830; x_wconf 82' lang='lat'><strong>155.</strong></span> <span class='ocrx_word' id='word_1_77' title='bbox 706 1763 847 1830; x_wconf 90' lang='lat' dir='ltr'><strong>Occulere</strong></span> 
     </span>
     <span class='ocr_line' id='line_1_17' title="bbox 117 1854 848 1941; baseline -0.003 -21"><span class='ocrx_word' id='word_1_78' title='bbox 117 1858 211 1941; x_wconf 91' lang='lat' dir='ltr'><strong>(male</strong></span> <span class='ocrx_word' id='word_1_79' title='bbox 227 1856 412 1938; x_wconf 86' lang='lat' dir='ltr'><strong>Cocculere),</strong></span> <span class='ocrx_word' id='word_1_80' title='bbox 425 1855 564 1938; x_wconf 80' lang='lat' dir='ltr'><strong>palliare.</strong></span> <span class='ocrx_word' id='word_1_81' title='bbox 577 1854 625 1918; x_wconf 85' lang='grc'><strong>01.</strong></span> <span class='ocrx_word' id='word_1_82' title='bbox 640 1857 734 1934; x_wconf 73' lang='grc'><strong>0444.</strong></span> <span class='ocrx_word' id='word_1_83' title='bbox 744 1891 784 1902; x_wconf 98' lang='grc'>-</span> <span class='ocrx_word' id='word_1_84' title='bbox 794 1857 848 1918; x_wconf 87' lang='lat' dir='ltr'><strong>Lo·</strong></span> 
     </span>
     <span class='ocr_line' id='line_1_18' title="bbox 117 1945 847 2027; baseline -0.003 -17"><span class='ocrx_word' id='word_1_85' title='bbox 117 1967 190 2010; x_wconf 93' lang='lat' dir='ltr'><strong>cum</strong></span> <span class='ocrx_word' id='word_1_86' title='bbox 219 1949 337 2025; x_wconf 82' lang='lat' dir='ltr'><strong>Apuleii</strong></span> <span class='ocrx_word' id='word_1_87' title='bbox 366 1945 452 2008; x_wconf 86' lang='lat' dir='ltr'><strong>affert</strong></span> <span class='ocrx_word' id='word_1_88' title='bbox 475 1947 594 2024; x_wconf 77' lang='lat' dir='ltr'><strong>Boiley,</strong></span> <span class='ocrx_word' id='word_1_89' title='bbox 618 1963 710 2027; x_wconf 89' lang='lat' dir='ltr'><strong>quem</strong></span> <span class='ocrx_word' id='word_1_90' title='bbox 740 1945 847 2008; x_wconf 91' lang='lat' dir='ltr'><strong>merito</strong></span> 
     </span>
     <span class='ocr_line' id='line_1_19' title="bbox 118 2034 513 2118; baseline -0.005 -20"><span class='ocrx_word' id='word_1_91' title='bbox 118 2036 387 2118; x_wconf 85' lang='lat' dir='ltr'><strong>suspectissimum</strong></span> <span class='ocrx_word' id='word_1_92' title='bbox 406 2034 513 2096; x_wconf 87' lang='lat' dir='ltr'><strong>babet.</strong></span> 
     </span>
    </p>

    <p class='ocr_par' dir='ltr' id='par_1_7' title="bbox 119 2123 848 2385">
     <span class='ocr_line' id='line_1_20' title="bbox 158 2123 848 2205; baseline -0.006 -16"><span class='ocrx_word' id='word_1_93' title='bbox 158 2124 355 2198; x_wconf 68' lang='lat' dir='ltr'><strong>Penatium,</strong></span> <span class='ocrx_word' id='word_1_94' title='bbox 378 2144 411 2200; x_wconf 88' lang='lat' dir='ltr'><strong>a,</strong></span> <span class='ocrx_word' id='word_1_95' title='bbox 431 2124 493 2205; x_wconf 83' lang='lat' dir='ltr'><strong>adj.</strong></span> <span class='ocrx_word' id='word_1_96' title='bbox 519 2123 565 2186; x_wconf 90' lang='lat' dir='ltr'><strong>lld</strong></span> <span class='ocrx_word' id='word_1_97' title='bbox 588 2123 725 2205; x_wconf 89' lang='lat' dir='ltr'><strong>palmum</strong></span> <span class='ocrx_word' id='word_1_98' title='bbox 749 2123 848 2205; x_wconf 88' lang='lat' dir='ltr'><strong>perti-</strong></span> 
     </span>
     <span class='ocr_line' id='line_1_21' title="bbox 119 2212 848 2293; baseline -0.003 -18"><span class='ocrx_word' id='word_1_99' title='bbox 119 2233 210 2277; x_wconf 91' lang='lat' dir='ltr'><strong>nens.</strong></span> <span class='ocrx_word' id='word_1_100' title='bbox 228 2217 306 2275; x_wconf 76' lang='lat' dir='ltr'><strong>dor.</strong></span> <span class='ocrx_word' id='word_1_101' title='bbox 326 2216 398 2277; x_wconf 83' lang='lat' dir='ltr'><strong>Vict.</strong></span> <span class='ocrx_word' id='word_1_102' title='bbox 417 2232 449 2293; x_wconf 92' lang='lat' dir='ltr'><strong>p.</strong></span> <span class='ocrx_word' id='word_1_103' title='bbox 471 2218 561 2274; x_wconf 89' lang='grc'><strong>2494.</strong></span> <span class='ocrx_word' id='word_1_104' title='bbox 582 2212 621 2274; x_wconf 92' lang='lat' dir='ltr'><strong>Ut</strong></span> <span class='ocrx_word' id='word_1_105' title='bbox 643 2224 774 2274; x_wconf 89' lang='lat' dir='ltr'><strong>metrum</strong></span> <span class='ocrx_word' id='word_1_106' title='bbox 794 2230 848 2274; x_wconf 90' lang='lat' dir='ltr'><strong>cu-</strong></span> 
     </span>
     <span class='ocr_line' id='line_1_22' title="bbox 119 2298 696 2385; baseline -0.002 -21"><span class='ocrx_word' id='word_1_107' title='bbox 119 2301 224 2376; x_wconf 88' lang='lat' dir='ltr'><strong>bitale,</strong></span> <span class='ocrx_word' id='word_1_108' title='bbox 241 2301 362 2385; x_wconf 87' lang='lat' dir='ltr'><strong>pedale,</strong></span> <span class='ocrx_word' id='word_1_109' title='bbox 379 2301 520 2382; x_wconf 90' lang='lat' dir='ltr'><strong>palmale.</strong></span> <span class='ocrx_word' id='word_1_110' title='bbox 537 2298 584 2364; x_wconf 85' lang='grc'><strong>01.</strong></span> <span class='ocrx_word' id='word_1_111' title='bbox 602 2301 696 2380; x_wconf 71' lang='lat' dir='ltr'><strong>Cotto.</strong></span> 
     </span>
    </p>

    <p class='ocr_par' dir='ltr' id='par_1_8' title="bbox 118 2388 847 3192">
     <span class='ocr_line' id='line_1_23' title="bbox 159 2388 843 2473; baseline -0.004 -18"><span class='ocrx_word' id='word_1_112' title='bbox 159 2388 427 2464; x_wconf 73' lang='grc'><strong>4444141444,</strong></span> <span class='ocrx_word' id='word_1_113' title='bbox 440 2408 469 2465; x_wconf 88' lang='lat' dir='ltr'><strong>a,</strong></span> <span class='ocrx_word' id='word_1_114' title='bbox 481 2409 546 2464; x_wconf 88' lang='lat' dir='ltr'><strong>um,</strong></span> <span class='ocrx_word' id='word_1_115' title='bbox 561 2388 623 2471; x_wconf 85' lang='lat' dir='ltr'><strong>adj.</strong></span> <span class='ocrx_word' id='word_1_116' title='bbox 637 2389 695 2462; x_wconf 77' lang='grc'><strong>441</strong></span> <span class='ocrx_word' id='word_1_117' title='bbox 709 2390 843 2473; x_wconf 83' lang='lat' dir='ltr'><strong>palmam</strong></span> 
     </span>
     <span class='ocr_line' id='line_1_24' title="bbox 118 2477 845 2562; baseline -0.001 -20"><span class='ocrx_word' id='word_1_118' title='bbox 118 2492 255 2544; x_wconf 89' lang='lat' dir='ltr'><strong>meretur</strong></span> <span class='ocrx_word' id='word_1_119' title='bbox 268 2480 352 2560; x_wconf 87' lang='lat' dir='ltr'><strong>(vitis</strong></span> <span class='ocrx_word' id='word_1_120' title='bbox 371 2477 535 2560; x_wconf 71' lang='lat' dir='ltr'><strong>cuiusdam</strong></span> <span class='ocrx_word' id='word_1_121' title='bbox 555 2481 693 2562; x_wconf 88' lang='lat' dir='ltr'><strong>nornen).</strong></span> <span class='ocrx_word' id='word_1_122' title='bbox 712 2482 845 2544; x_wconf 76' lang='lat' dir='ltr'><strong>Cassiod.</strong></span> 
     </span>
     <span class='ocr_line' id='line_1_25' title="bbox 124 2569 847 2651; baseline 0.003 -20"><span class='ocrx_word' id='word_1_123' title='bbox 124 2572 195 2633; x_wconf 87' lang='lat' dir='ltr'><strong>Vor.</strong></span> <span class='ocrx_word' id='word_1_124' title='bbox 216 2578 264 2642; x_wconf 84' lang='grc'><strong>12,</strong></span> <span class='ocrx_word' id='word_1_125' title='bbox 283 2577 328 2632; x_wconf 87' lang='grc'><strong>12.</strong></span> <span class='ocrx_word' id='word_1_126' title='bbox 344 2569 456 2630; x_wconf 92' lang='lat' dir='ltr'><strong>Vinum</strong></span> <span class='ocrx_word' id='word_1_127' title='bbox 474 2588 606 2649; x_wconf 90' lang='lat' dir='ltr'><strong>qnoque,</strong></span> <span class='ocrx_word' id='word_1_128' title='bbox 622 2569 703 2651; x_wconf 91' lang='lat' dir='ltr'><strong>quod</strong></span> <span class='ocrx_word' id='word_1_129' title='bbox 721 2569 847 2633; x_wconf 89' lang='lat' dir='ltr'><strong>laudare</strong></span> 
     </span>
     <span class='ocr_line' id='line_1_26' title="bbox 118 2658 845 2742; baseline 0.001 -20"><span class='ocrx_word' id='word_1_130' title='bbox 118 2660 258 2742; x_wconf 86' lang='lat' dir='ltr'><strong>cupiens,</strong></span> <span class='ocrx_word' id='word_1_131' title='bbox 272 2658 494 2742; x_wconf 85' lang='lat' dir='ltr'><strong>palmatianum</strong></span> <span class='ocrx_word' id='word_1_132' title='bbox 518 2660 689 2721; x_wconf 87' lang='lat' dir='ltr'><strong>nominavit</strong></span> <span class='ocrx_word' id='word_1_133' title='bbox 711 2660 845 2741; x_wconf 86' lang='lat' dir='ltr'><strong>antiqui·</strong></span> 
     </span>
     <span class='ocr_line' id='line_1_27' title="bbox 119 2748 844 2832; baseline 0.004 -21"><span class='ocrx_word' id='word_1_134' title='bbox 119 2760 180 2813; x_wconf 88' lang='lat' dir='ltr'><strong>tas.</strong></span> <span class='ocrx_word' id='word_1_135' title='bbox 198 2751 230 2813; x_wconf 87' lang='lat' dir='ltr'><strong>S.</strong></span> <span class='ocrx_word' id='word_1_136' title='bbox 255 2750 340 2830; x_wconf 78' lang='lat' dir='ltr'><strong>Grep.</strong></span> <span class='ocrx_word' id='word_1_137' title='bbox 355 2750 410 2830; x_wconf 80' lang='lat' dir='ltr'><strong>Ep.</strong></span> <span class='ocrx_word' id='word_1_138' title='bbox 430 2756 458 2825; x_wconf 92' lang='lat' dir='ltr'><strong>l,</strong></span> <span class='ocrx_word' id='word_1_139' title='bbox 480 2754 530 2812; x_wconf 89' lang='grc'><strong>64.</strong></span> <span class='ocrx_word' id='word_1_140' title='bbox 551 2748 599 2825; x_wconf 83' lang='lat' dir='ltr'><strong>Et,</strong></span> <span class='ocrx_word' id='word_1_141' title='bbox 617 2750 764 2832; x_wconf 86' lang='lat' dir='ltr'><strong>quoniam</strong></span> <span class='ocrx_word' id='word_1_142' title='bbox 783 2770 844 2814; x_wconf 91' lang='grc'><strong>444</strong></span> 
     </span>
     <span class='ocr_line' id='line_1_28' title="bbox 119 2839 845 2925; baseline 0.001 -21"><span class='ocrx_word' id='word_1_143' title='bbox 119 2841 306 2906; x_wconf 79' lang='lat' dir='ltr'><strong>delectamur</strong></span> <span class='ocrx_word' id='word_1_144' title='bbox 326 2839 439 2915; x_wconf 77' lang='lat' dir='ltr'>xeniis,</span> <span class='ocrx_word' id='word_1_145' title='bbox 453 2841 674 2924; x_wconf 84' lang='lat' dir='ltr'><strong>palmatianas,</strong></span> <span class='ocrx_word' id='word_1_146' title='bbox 690 2862 768 2925; x_wconf 88' lang='lat' dir='ltr'><strong>quas</strong></span> <span class='ocrx_word' id='word_1_147' title='bbox 792 2852 845 2906; x_wconf 88' lang='lat' dir='ltr'><strong>tua</strong></span> 
     </span>
     <span class='ocr_line' id='line_1_29' title="bbox 119 2929 844 3012; baseline 0.006 -21"><span class='ocrx_word' id='word_1_148' title='bbox 119 2930 230 2993; x_wconf 80' lang='lat' dir='ltr'><strong>direxit</strong></span> <span class='ocrx_word' id='word_1_149' title='bbox 244 2930 431 3004; x_wconf 86' lang='lat' dir='ltr'><strong>fraternitas,</strong></span> <span class='ocrx_word' id='word_1_150' title='bbox 448 2948 518 2992; x_wconf 89' lang='lat' dir='ltr'><strong>curn</strong></span> <span class='ocrx_word' id='word_1_151' title='bbox 540 2929 710 3012; x_wconf 80' lang='lat' dir='ltr'><strong>gratiarum</strong></span> <span class='ocrx_word' id='word_1_152' title='bbox 726 2931 844 2995; x_wconf 90' lang='lat' dir='ltr'><strong>actione</strong></span> 
     </span>
     <span class='ocr_line' id='line_1_30' title="bbox 119 3021 845 3104; baseline 0 -21"><span class='ocrx_word' id='word_1_153' title='bbox 119 3021 318 3104; x_wconf 88' lang='lat' dir='ltr'><strong>suscipimus.</strong></span> <span class='ocrx_word' id='word_1_154' title='bbox 339 3021 562 3100; x_wconf 82' lang='lat' dir='ltr'><strong>(Palmationoc</strong></span> <span class='ocrx_word' id='word_1_155' title='bbox 575 3040 652 3083; x_wconf 81' lang='lat' dir='ltr'><strong>noos</strong></span> <span class='ocrx_word' id='word_1_156' title='bbox 664 3040 734 3083; x_wconf 92' lang='lat' dir='ltr'><strong>cum</strong></span> <span class='ocrx_word' id='word_1_157' title='bbox 748 3023 845 3084; x_wconf 80' lang='grc'><strong>11444-</strong></span> 
     </span>
     <span class='ocr_line' id='line_1_31' title="bbox 119 3109 521 3192; baseline -0.007 -19"><span class='ocrx_word' id='word_1_158' title='bbox 119 3115 172 3173; x_wconf 76' lang='grc'><strong>414</strong></span> <span class='ocrx_word' id='word_1_159' title='bbox 188 3110 349 3192; x_wconf 82' lang='lat' dir='ltr'><strong>intelligo.)</strong></span> <span class='ocrx_word' id='word_1_160' title='bbox 366 3109 412 3171; x_wconf 85' lang='grc'><strong>01.</strong></span> <span class='ocrx_word' id='word_1_161' title='bbox 427 3111 521 3188; x_wconf 77' lang='grc'><strong>0444.</strong></span> 
     </span>
    </p>

    <p class='ocr_par' dir='ltr' id='par_1_9' title="bbox 116 3198 844 4077">
     <span class='ocr_line' id='line_1_32' title="bbox 164 3198 844 3283; baseline 0.004 -21"><span class='ocrx_word' id='word_1_162' title='bbox 164 3198 405 3277; x_wconf 67' lang='grc' dir='ltr'><strong>9441411Τό414,</strong></span> <span class='ocrx_word' id='word_1_163' title='bbox 425 3217 460 3275; x_wconf 83' lang='lat' dir='ltr'><strong>ae,</strong></span> <span class='ocrx_word' id='word_1_164' title='bbox 476 3198 497 3263; x_wconf 88' lang='grc'><strong>1.</strong></span> <span class='ocrx_word' id='word_1_165' title='bbox 520 3199 628 3262; x_wconf 87' lang='lat' dir='ltr'><strong>Ferula</strong></span> <span class='ocrx_word' id='word_1_166' title='bbox 643 3201 717 3281; x_wconf 92' lang='lat' dir='ltr'><strong>(qua</strong></span> <span class='ocrx_word' id='word_1_167' title='bbox 736 3200 844 3283; x_wconf 81' lang='lat' dir='ltr'><strong>palme</strong></span> 
     </span>
     <span class='ocr_line' id='line_1_33' title="bbox 119 3289 840 3371; baseline 0.003 -20"><span class='ocrx_word' id='word_1_168' title='bbox 119 3309 174 3353; x_wconf 88' lang='lat' dir='ltr'><strong>seu</strong></span> <span class='ocrx_word' id='word_1_169' title='bbox 203 3290 278 3352; x_wconf 77' lang='lat' dir='ltr'><strong>vola</strong></span> <span class='ocrx_word' id='word_1_170' title='bbox 313 3307 478 3371; x_wconf 88' lang='lat' dir='ltr'><strong>puerorum</strong></span> <span class='ocrx_word' id='word_1_171' title='bbox 503 3289 723 3371; x_wconf 81' lang='lat' dir='ltr'><strong>verberantur).</strong></span> <span class='ocrx_word' id='word_1_172' title='bbox 751 3292 840 3354; x_wconf 84' lang='lat' dir='ltr'><strong>Gloss.</strong></span> 
     </span>
     <span class='ocr_line' id='line_1_34' title="bbox 118 3376 841 3460; baseline 0 -19"><span class='ocrx_word' id='word_1_173' title='bbox 118 3380 191 3441; x_wconf 77' lang='lat' dir='ltr'><strong>laid.</strong></span> <span class='ocrx_word' id='word_1_174' title='bbox 217 3388 246 3441; x_wconf 92' lang='lat' dir='ltr'><strong>et</strong></span> <span class='ocrx_word' id='word_1_175' title='bbox 269 3379 360 3441; x_wconf 84' lang='lat' dir='ltr'><strong>Gloss.</strong></span> <span class='ocrx_word' id='word_1_176' title='bbox 385 3378 466 3441; x_wconf 80' lang='lat' dir='ltr'><strong>Pitlt.</strong></span> <span class='ocrx_word' id='word_1_177' title='bbox 491 3376 619 3449; x_wconf 81' lang='lat' dir='ltr'><strong>Ferale,</strong></span> <span class='ocrx_word' id='word_1_178' title='bbox 644 3378 841 3460; x_wconf 88' lang='lat' dir='ltr'><strong>palmatoria,</strong></span> 
     </span>
     <span class='ocr_line' id='line_1_35' title="bbox 118 3465 841 3549; baseline -0.001 -20"><span class='ocrx_word' id='word_1_179' title='bbox 118 3467 245 3531; x_wconf 81' lang='lat' dir='ltr'><strong>volaria.</strong></span> <span class='ocrx_word' id='word_1_180' title='bbox 266 3467 304 3529; x_wconf 85' lang='lat' dir='ltr'><strong>Et</strong></span> <span class='ocrx_word' id='word_1_181' title='bbox 322 3468 422 3531; x_wconf 75' lang='grc'><strong>14414.</strong></span> <span class='ocrx_word' id='word_1_182' title='bbox 441 3487 473 3549; x_wconf 92' lang='lat' dir='ltr'><strong>p.</strong></span> <span class='ocrx_word' id='word_1_183' title='bbox 491 3472 561 3541; x_wconf 85' lang='grc'><strong>240,</strong></span> <span class='ocrx_word' id='word_1_184' title='bbox 578 3465 630 3528; x_wconf 90' lang='lat' dir='ltr'><strong>ubi</strong></span> <span class='ocrx_word' id='word_1_185' title='bbox 651 3467 730 3529; x_wconf 88' lang='lat' dir='ltr'><strong>male</strong></span> <span class='ocrx_word' id='word_1_186' title='bbox 750 3471 841 3546; x_wconf 85' lang='lat' dir='ltr'><strong>serio,</strong></span> 
     </span>
     <span class='ocr_line' id='line_1_36' title="bbox 116 3553 841 3638; baseline 0 -19"><span class='ocrx_word' id='word_1_187' title='bbox 116 3576 173 3638; x_wconf 88' lang='lat' dir='ltr'><strong>pro</strong></span> <span class='ocrx_word' id='word_1_188' title='bbox 186 3559 300 3635; x_wconf 70' lang='lat' dir='ltr'><strong>saulo.</strong></span> <span class='ocrx_word' id='word_1_189' title='bbox 314 3590 355 3602; x_wconf 89' lang='lat'>—</span> <span class='ocrx_word' id='word_1_190' title='bbox 366 3555 524 3617; x_wconf 84' lang='lat' dir='ltr'><strong>Pessimus</strong></span> <span class='ocrx_word' id='word_1_191' title='bbox 539 3554 629 3617; x_wconf 87' lang='lat' dir='ltr'><strong>etiam</strong></span> <span class='ocrx_word' id='word_1_192' title='bbox 644 3553 773 3638; x_wconf 78' lang='lat' dir='ltr'><strong>jungere</strong></span> <span class='ocrx_word' id='word_1_193' title='bbox 784 3559 841 3619; x_wconf 87' lang='lat' dir='ltr'><strong>Fe-</strong></span> 
     </span>
     <span class='ocr_line' id='line_1_37' title="bbox 116 3641 842 3724; baseline -0.001 -17"><span class='ocrx_word' id='word_1_194' title='bbox 116 3647 191 3707; x_wconf 78' lang='lat' dir='ltr'><strong>rato</strong></span> <span class='ocrx_word' id='word_1_195' title='bbox 199 3646 401 3724; x_wconf 75' lang='lat' dir='ltr'><strong>polmotorio5</strong></span> <span class='ocrx_word' id='word_1_196' title='bbox 418 3641 472 3704; x_wconf 84' lang='lat' dir='ltr'><strong>sed</strong></span> <span class='ocrx_word' id='word_1_197' title='bbox 489 3644 590 3720; x_wconf 72' lang='grc'><strong>[44414</strong></span> <span class='ocrx_word' id='word_1_198' title='bbox 604 3662 661 3704; x_wconf 89' lang='grc'><strong>444</strong></span> <span class='ocrx_word' id='word_1_199' title='bbox 677 3643 842 3706; x_wconf 79' lang='lat' dir='ltr'><strong>subaudita</strong></span> 
     </span>
     <span class='ocr_line' id='line_1_38' title="bbox 118 3731 840 3811; baseline 0 -16"><span class='ocrx_word' id='word_1_200' title='bbox 118 3733 215 3798; x_wconf 83' lang='lat' dir='ltr'><strong>fuisse</strong></span> <span class='ocrx_word' id='word_1_201' title='bbox 231 3733 359 3797; x_wconf 86' lang='lat' dir='ltr'><strong>ridetur.</strong></span> <span class='ocrx_word' id='word_1_202' title='bbox 378 3731 464 3806; x_wconf 79' lang='lat' dir='ltr'><strong>Quod</strong></span> <span class='ocrx_word' id='word_1_203' title='bbox 479 3741 606 3794; x_wconf 90' lang='lat' dir='ltr'><strong>testatur</strong></span> <span class='ocrx_word' id='word_1_204' title='bbox 619 3752 675 3793; x_wconf 85' lang='lat' dir='ltr'><strong>vox</strong></span> <span class='ocrx_word' id='word_1_205' title='bbox 687 3734 840 3811; x_wconf 83' lang='lat' dir='ltr'><strong>palmato-</strong></span> 
     </span>
     <span class='ocr_line' id='line_1_39' title="bbox 116 3818 840 3903; baseline -0.006 -18"><span class='ocrx_word' id='word_1_206' title='bbox 116 3825 202 3885; x_wconf 78' lang='lat' dir='ltr'><strong>riurn</strong></span> <span class='ocrx_word' id='word_1_207' title='bbox 214 3821 294 3903; x_wconf 87' lang='lat' dir='ltr'><strong>(scil.</strong></span> <span class='ocrx_word' id='word_1_208' title='bbox 313 3818 493 3902; x_wconf 83' lang='lat' dir='ltr'><strong>flagellum),</strong></span> <span class='ocrx_word' id='word_1_209' title='bbox 510 3838 577 3901; x_wconf 76' lang='grc'><strong>444</strong></span> <span class='ocrx_word' id='word_1_210' title='bbox 594 3830 641 3881; x_wconf 86' lang='grc'><strong>441</strong></span> <span class='ocrx_word' id='word_1_211' title='bbox 660 3839 709 3901; x_wconf 89' lang='lat' dir='ltr'><strong>ap.</strong></span> <span class='ocrx_word' id='word_1_212' title='bbox 733 3821 840 3899; x_wconf 66' lang='lat' dir='ltr'><strong>Cotto,</strong></span> 
     </span>
     <span class='ocr_line' id='line_1_40' title="bbox 116 3907 840 3992; baseline -0.004 -19"><span class='ocrx_word' id='word_1_213' title='bbox 116 3929 272 3992; x_wconf 85' lang='lat' dir='ltr'><strong>quamque</strong></span> <span class='ocrx_word' id='word_1_214' title='bbox 285 3929 320 3973; x_wconf 80' lang='lat' dir='ltr'><strong>ex</strong></span> <span class='ocrx_word' id='word_1_215' title='bbox 333 3909 399 3972; x_wconf 82' lang='lat' dir='ltr'><strong>Vct.</strong></span> <span class='ocrx_word' id='word_1_216' title='bbox 413 3907 549 3972; x_wconf 88' lang='lat' dir='ltr'><strong>Glossar.</strong></span> <span class='ocrx_word' id='word_1_217' title='bbox 565 3907 690 3971; x_wconf 90' lang='lat' dir='ltr'><strong>editioni</strong></span> <span class='ocrx_word' id='word_1_218' title='bbox 709 3927 774 3979; x_wconf 60' lang='lat' dir='ltr'><strong>suae,</strong></span> <span class='ocrx_word' id='word_1_219' title='bbox 785 3908 840 3970; x_wconf 90' lang='lat' dir='ltr'><strong>ad-</strong></span> 
     </span>
     <span class='ocr_line' id='line_1_41' title="bbox 118 3997 329 4077; baseline 0.009 -16"><span class='ocrx_word' id='word_1_220' title='bbox 118 3997 197 4061; x_wconf 88' lang='lat' dir='ltr'><strong>didit</strong></span> <span class='ocrx_word' id='word_1_221' title='bbox 211 4001 329 4077; x_wconf 77' lang='lat' dir='ltr'><strong>Boilcy.</strong></span> 
     </span>
    </p>

    <p class='ocr_par' dir='ltr' id='par_1_10' title="bbox 117 4083 839 4260">
     <span class='ocr_line' id='line_1_42' title="bbox 158 4083 839 4164; baseline 0.001 -14"><span class='ocrx_word' id='word_1_222' title='bbox 158 4098 360 4162; x_wconf 72' lang='grc'><strong>9414111900,</strong></span> <span class='ocrx_word' id='word_1_223' title='bbox 391 4086 431 4164; x_wconf 88' lang='lat' dir='ltr'><strong>is,</strong></span> <span class='ocrx_word' id='word_1_224' title='bbox 459 4104 524 4162; x_wconf 91' lang='lat' dir='ltr'><strong>ere,</strong></span> <span class='ocrx_word' id='word_1_225' title='bbox 545 4104 577 4148; x_wconf 89' lang='grc'><strong>4.</strong></span> <span class='ocrx_word' id='word_1_226' title='bbox 599 4083 738 4148; x_wconf 89' lang='lat' dir='ltr'><strong>Palmam</strong></span> <span class='ocrx_word' id='word_1_227' title='bbox 762 4085 839 4151; x_wconf 89' lang='lat' dir='ltr'><strong>fieri.</strong></span> 
     </span>
     <span class='ocr_line' id='line_1_43' title="bbox 117 4180 347 4260; baseline -0.009 -20"><span class='ocrx_word' id='word_1_228' title='bbox 117 4180 216 4240; x_wconf 80' lang='lat' dir='ltr'><strong>Diom.</strong></span> <span class='ocrx_word' id='word_1_229' title='bbox 231 4198 263 4260; x_wconf 89' lang='lat' dir='ltr'><strong>p.</strong></span> <span class='ocrx_word' id='word_1_230' title='bbox 278 4184 347 4239; x_wconf 83' lang='lat'><strong>335.</strong></span> 
     </span>
    </p>

    <p class='ocr_par' dir='ltr' id='par_1_11' title="bbox 118 4260 841 4613">
     <span class='ocr_line' id='line_1_44' title="bbox 158 4260 841 4342; baseline -0.003 -12"><span class='ocrx_word' id='word_1_231' title='bbox 158 4260 432 4342; x_wconf 67' lang='lat' dir='ltr'><strong>PALMlJLlRIUM,</strong></span> <span class='ocrx_word' id='word_1_232' title='bbox 447 4264 481 4338; x_wconf 95' lang='lat' dir='ltr'><strong>ii,</strong></span> <span class='ocrx_word' id='word_1_233' title='bbox 495 4282 526 4325; x_wconf 93' lang='lat' dir='ltr'><strong>n.</strong></span> <span class='ocrx_word' id='word_1_234' title='bbox 542 4262 741 4342; x_wconf 82' lang='lat' dir='ltr'><strong>Palmarium,</strong></span> <span class='ocrx_word' id='word_1_235' title='bbox 757 4266 841 4328; x_wconf 88' lang='lat' dir='ltr'><strong>locus</strong></span> 
     </span>
     <span class='ocr_line' id='line_1_45' title="bbox 118 4353 841 4435; baseline 0 -20"><span class='ocrx_word' id='word_1_236' title='bbox 118 4354 230 4435; x_wconf 89' lang='lat' dir='ltr'><strong>palmis</strong></span> <span class='ocrx_word' id='word_1_237' title='bbox 254 4353 400 4416; x_wconf 86' lang='lat' dir='ltr'><strong>consitus.</strong></span> <span class='ocrx_word' id='word_1_238' title='bbox 429 4354 555 4415; x_wconf 80' lang='lat' dir='ltr'><strong>Gloccor.</strong></span> <span class='ocrx_word' id='word_1_239' title='bbox 581 4353 675 4431; x_wconf 73' lang='lat' dir='ltr'><strong>cyril.</strong></span> <span class='ocrx_word' id='word_1_240' title='bbox 702 4356 841 4415; x_wconf 63' lang='grc' dir='ltr'>Φοινίκων</span> 
     </span>
     <span class='ocr_line' id='line_1_46' title="bbox 120 4439 839 4526; baseline 0 -20"><span class='ocrx_word' id='word_1_241' title='bbox 120 4443 200 4526; x_wconf 81' lang='lat' dir='ltr'><strong>(lego</strong></span> <span class='ocrx_word' id='word_1_242' title='bbox 220 4439 382 4519; x_wconf 77' lang='grc' dir='ltr'><strong>Φοινικών),</strong></span> <span class='ocrx_word' id='word_1_243' title='bbox 395 4441 622 4525; x_wconf 85' lang='lat' dir='ltr'><strong>palmularium.</strong></span> <span class='ocrx_word' id='word_1_244' title='bbox 635 4478 673 4488; x_wconf 92' lang='lat'>-</span> <span class='ocrx_word' id='word_1_245' title='bbox 687 4442 733 4505; x_wconf 86' lang='grc'><strong>01.</strong></span> <span class='ocrx_word' id='word_1_246' title='bbox 749 4445 839 4506; x_wconf 82' lang='grc'><strong>01444.</strong></span> 
     </span>
     <span class='ocr_line' id='line_1_47' title="bbox 120 4528 588 4613; baseline -0.002 -21"><span class='ocrx_word' id='word_1_247' title='bbox 120 4532 241 4594; x_wconf 67' lang='lat' dir='ltr'><strong>Philon).</strong></span> <span class='ocrx_word' id='word_1_248' title='bbox 256 4529 436 4605; x_wconf 78' lang='lat' dir='ltr'><strong>Palmelum,</strong></span> <span class='ocrx_word' id='word_1_249' title='bbox 452 4528 588 4613; x_wconf 76' lang='grc' dir='ltr'><strong>φοινικών.</strong></span> 
     </span>
    </p>

    <p class='ocr_par' dir='ltr' id='par_1_12' title="bbox 119 4614 841 5056">
     <span class='ocr_line' id='line_1_48' title="bbox 160 4614 838 4698; baseline -0.003 -14"><span class='ocrx_word' id='word_1_250' title='bbox 160 4617 421 4684; x_wconf 72' lang='lat' dir='ltr'><strong>rbunuaicaus</strong></span> <span class='ocrx_word' id='word_1_251' title='bbox 449 4618 494 4680; x_wconf 82' lang='lat' dir='ltr'><strong>vel</strong></span> <span class='ocrx_word' id='word_1_252' title='bbox 513 4614 777 4697; x_wconf 66' lang='lat' dir='ltr'><strong>plantiniana,</strong></span> <span class='ocrx_word' id='word_1_253' title='bbox 806 4640 838 4698; x_wconf 79' lang='lat' dir='ltr'><strong>a,</strong></span> 
     </span>
     <span class='ocr_line' id='line_1_49' title="bbox 121 4706 838 4790; baseline 0 -20"><span class='ocrx_word' id='word_1_254' title='bbox 121 4727 185 4785; x_wconf 90' lang='lat' dir='ltr'><strong>um,</strong></span> <span class='ocrx_word' id='word_1_255' title='bbox 210 4707 275 4789; x_wconf 86' lang='lat' dir='ltr'><strong>adj.</strong></span> <span class='ocrx_word' id='word_1_256' title='bbox 294 4706 510 4786; x_wconf 87' lang='lat' dir='ltr'><strong>Palumbiuus,</strong></span> <span class='ocrx_word' id='word_1_257' title='bbox 527 4706 696 4790; x_wconf 87' lang='lat' dir='ltr'><strong>palumbini</strong></span> <span class='ocrx_word' id='word_1_258' title='bbox 720 4708 838 4772; x_wconf 88' lang='lat' dir='ltr'><strong>coloris.</strong></span> 
     </span>
     <span class='ocr_line' id='line_1_50' title="bbox 119 4794 839 4880; baseline -0.001 -20"><span class='ocrx_word' id='word_1_259' title='bbox 119 4798 227 4860; x_wconf 78' lang='grc'><strong>14444.</strong></span> <span class='ocrx_word' id='word_1_260' title='bbox 246 4794 279 4859; x_wconf 93' lang='lat' dir='ltr'><strong>in</strong></span> <span class='ocrx_word' id='word_1_261' title='bbox 295 4798 465 4860; x_wconf 74' lang='grc'><strong>01444441.</strong></span> <span class='ocrx_word' id='word_1_262' title='bbox 487 4817 517 4880; x_wconf 90' lang='lat' dir='ltr'><strong>p.</strong></span> <span class='ocrx_word' id='word_1_263' title='bbox 538 4803 606 4860; x_wconf 81' lang='lat'><strong>³51.</strong></span> <span class='ocrx_word' id='word_1_264' title='bbox 624 4795 702 4859; x_wconf 91' lang='lat' dir='ltr'><strong>Sunt</strong></span> <span class='ocrx_word' id='word_1_265' title='bbox 720 4798 839 4859; x_wconf 85' lang='lat' dir='ltr'><strong>termini</strong></span> 
     </span>
     <span class='ocr_line' id='line_1_51' title="bbox 120 4884 841 4970; baseline 0.001 -22"><span class='ocrx_word' id='word_1_266' title='bbox 120 4886 283 4949; x_wconf 87' lang='lat' dir='ltr'><strong>marmorei</strong></span> <span class='ocrx_word' id='word_1_267' title='bbox 309 4884 341 4948; x_wconf 84' lang='lat' dir='ltr'><strong>in</strong></span> <span class='ocrx_word' id='word_1_268' title='bbox 365 4884 478 4963; x_wconf 86' lang='lat' dir='ltr'><strong>limite,</strong></span> <span class='ocrx_word' id='word_1_269' title='bbox 494 4884 547 4948; x_wconf 91' lang='lat' dir='ltr'><strong>alii</strong></span> <span class='ocrx_word' id='word_1_270' title='bbox 565 4885 694 4968; x_wconf 83' lang='lat' dir='ltr'><strong>virides,</strong></span> <span class='ocrx_word' id='word_1_271' title='bbox 710 4884 761 4948; x_wconf 89' lang='lat' dir='ltr'><strong>alii</strong></span> <span class='ocrx_word' id='word_1_272' title='bbox 782 4906 841 4970; x_wconf 90' lang='lat' dir='ltr'><strong>pa-</strong></span> 
     </span>
     <span class='ocr_line' id='line_1_52' title="bbox 120 4974 491 5056; baseline -0.011 -19"><span class='ocrx_word' id='word_1_273' title='bbox 120 4974 278 5051; x_wconf 88' lang='lat' dir='ltr'><strong>lumbacii,</strong></span> <span class='ocrx_word' id='word_1_274' title='bbox 297 4974 348 5036; x_wconf 87' lang='lat' dir='ltr'><strong>alii</strong></span> <span class='ocrx_word' id='word_1_275' title='bbox 362 4974 491 5056; x_wconf 88' lang='lat' dir='ltr'><strong>prasini.</strong></span> 
     </span>
    </p>
   </div>
   <div class='ocr_carea' id='block_1_3' title="bbox 1222 366 1629 439">
    <p class='ocr_par' dir='ltr' id='par_1_13' title="bbox 1222 366 1629 439">
     <span class='ocr_line' id='line_1_53' title="bbox 1222 366 1629 439; baseline -0.002 -1"><span class='ocrx_word' id='word_1_276' title='bbox 1222 366 1311 439; x_wconf 81' lang='lat' dir='ltr'><strong>PAN</strong></span> <span class='ocrx_word' id='word_1_277' title='bbox 1558 367 1629 438; x_wconf 83' lang='grc'><strong>197</strong></span> 
     </span>
    </p>
   </div>
   <div class='ocr_carea' id='block_1_4' title="bbox 896 511 1648 4773">
    <p class='ocr_par' dir='ltr' id='par_1_14' title="bbox 906 511 1627 688">
     <span class='ocr_line' id='line_1_54' title="bbox 944 511 1627 597; baseline -0.003 -18"><span class='ocrx_word' id='word_1_278' title='bbox 944 511 1181 593; x_wconf 71' lang='lat' dir='ltr'><strong>stanneum,</strong></span> <span class='ocrx_word' id='word_1_279' title='bbox 1210 536 1255 591; x_wconf 80' lang='lat' dir='ltr'><strong>ae,</strong></span> <span class='ocrx_word' id='word_1_280' title='bbox 1290 516 1312 578; x_wconf 84' lang='grc'><strong>1.</strong></span> <span class='ocrx_word' id='word_1_281' title='bbox 1342 518 1441 581; x_wconf 86' lang='lat' dir='ltr'><strong>Parva</strong></span> <span class='ocrx_word' id='word_1_282' title='bbox 1470 515 1627 597; x_wconf 80' lang='lat' dir='ltr'><strong>palumbo.</strong></span> 
     </span>
     <span class='ocr_line' id='line_1_55' title="bbox 906 605 1547 688; baseline 0 -21"><span class='ocrx_word' id='word_1_283' title='bbox 906 606 1056 669; x_wconf 83' lang='grc'><strong>04441441.</strong></span> <span class='ocrx_word' id='word_1_284' title='bbox 1076 607 1129 667; x_wconf 85' lang='grc'><strong>141.</strong></span> <span class='ocrx_word' id='word_1_285' title='bbox 1148 624 1195 684; x_wconf 85' lang='lat' dir='ltr'><strong>pr.</strong></span> <span class='ocrx_word' id='word_1_286' title='bbox 1213 605 1408 683; x_wconf 87' lang='lat' dir='ltr'><strong>Palumbula,</strong></span> <span class='ocrx_word' id='word_1_287' title='bbox 1424 605 1547 688; x_wconf 76' lang='grc' dir='ltr'>φάττιον.</span> 
     </span>
    </p>

    <p class='ocr_par' dir='ltr' id='par_1_15' title="bbox 902 689 1629 1303">
     <span class='ocr_line' id='line_1_56' title="bbox 944 689 1627 775; baseline -0.001 -18"><span class='ocrx_word' id='word_1_288' title='bbox 944 689 1241 767; x_wconf 53' lang='lat' dir='ltr'><strong>Panniculum&amp;</strong></span> <span class='ocrx_word' id='word_1_289' title='bbox 1277 694 1316 771; x_wconf 86' lang='lat' dir='ltr'><strong>ii,</strong></span> <span class='ocrx_word' id='word_1_290' title='bbox 1348 714 1389 757; x_wconf 86' lang='lat' dir='ltr'><strong>m.</strong></span> <span class='ocrx_word' id='word_1_291' title='bbox 1419 694 1627 775; x_wconf 82' lang='grc' dir='ltr'><strong>(παμμᾶχιον).</strong></span> 
     </span>
     <span class='ocr_line' id='line_1_57' title="bbox 903 792 1625 874; baseline 0.001 -20"><span class='ocrx_word' id='word_1_292' title='bbox 903 792 1136 855; x_wconf 81' lang='lat' dir='ltr'><strong>Pancratiastae.</strong></span> <span class='ocrx_word' id='word_1_293' title='bbox 1150 794 1270 869; x_wconf 77' lang='grc'><strong>144141,</strong></span> <span class='ocrx_word' id='word_1_294' title='bbox 1286 794 1353 856; x_wconf 77' lang='grc'><strong>044.</strong></span> <span class='ocrx_word' id='word_1_295' title='bbox 1371 794 1468 857; x_wconf 81' lang='lat' dir='ltr'><strong>Decor.</strong></span> <span class='ocrx_word' id='word_1_296' title='bbox 1486 812 1535 874; x_wconf 89' lang='lat' dir='ltr'><strong>ap.</strong></span> <span class='ocrx_word' id='word_1_297' title='bbox 1553 794 1625 855; x_wconf 82' lang='lat' dir='ltr'><strong>Mai.</strong></span> 
     </span>
     <span class='ocr_line' id='line_1_58' title="bbox 903 881 1628 964; baseline -0.003 -21"><span class='ocrx_word' id='word_1_298' title='bbox 903 892 924 943; x_wconf 92' lang='grc'><strong>1.</strong></span> <span class='ocrx_word' id='word_1_299' title='bbox 946 882 1002 956; x_wconf 90' lang='grc'><strong>111,</strong></span> <span class='ocrx_word' id='word_1_300' title='bbox 1027 904 1056 964; x_wconf 91' lang='lat' dir='ltr'><strong>p.</strong></span> <span class='ocrx_word' id='word_1_301' title='bbox 1078 889 1148 944; x_wconf 79' lang='grc'><strong>396.</strong></span> <span class='ocrx_word' id='word_1_302' title='bbox 1169 881 1306 945; x_wconf 76' lang='grc'><strong>0444444</strong></span> <span class='ocrx_word' id='word_1_303' title='bbox 1328 881 1454 964; x_wconf 84' lang='lat' dir='ltr'><strong>(mittit)</strong></span> <span class='ocrx_word' id='word_1_304' title='bbox 1478 881 1628 963; x_wconf 89' lang='lat' dir='ltr'><strong>pantomi-</strong></span> 
     </span>
     <span class='ocr_line' id='line_1_59' title="bbox 902 970 1629 1053; baseline -0.003 -19"><span class='ocrx_word' id='word_1_305' title='bbox 902 993 988 1047; x_wconf 89' lang='lat' dir='ltr'><strong>mos,</strong></span> <span class='ocrx_word' id='word_1_306' title='bbox 1018 972 1184 1052; x_wconf 79' lang='lat' dir='ltr'><strong>Heliopolis</strong></span> <span class='ocrx_word' id='word_1_307' title='bbox 1214 973 1391 1050; x_wconf 79' lang='lat' dir='ltr'><strong>choraulas,</strong></span> <span class='ocrx_word' id='word_1_308' title='bbox 1427 970 1508 1034; x_wconf 90' lang='lat' dir='ltr'><strong>Gaza</strong></span> <span class='ocrx_word' id='word_1_309' title='bbox 1545 990 1629 1053; x_wconf 91' lang='lat' dir='ltr'><strong>pam·</strong></span> 
     </span>
     <span class='ocr_line' id='line_1_60' title="bbox 902 1060 1626 1143; baseline -0.001 -20"><span class='ocrx_word' id='word_1_310' title='bbox 902 1062 1074 1125; x_wconf 85' lang='lat' dir='ltr'><strong>macharios</strong></span> <span class='ocrx_word' id='word_1_311' title='bbox 1099 1062 1191 1142; x_wconf 84' lang='lat' dir='ltr'><strong>(mala</strong></span> <span class='ocrx_word' id='word_1_312' title='bbox 1214 1061 1472 1143; x_wconf 88' lang='lat' dir='ltr'><strong>panmacharioa),</strong></span> <span class='ocrx_word' id='word_1_313' title='bbox 1497 1060 1626 1123; x_wconf 82' lang='lat' dir='ltr'><strong>Ascalon</strong></span> 
     </span>
     <span class='ocr_line' id='line_1_61' title="bbox 903 1149 1624 1214; baseline -0.001 -3"><span class='ocrx_word' id='word_1_314' title='bbox 903 1150 1042 1213; x_wconf 88' lang='lat' dir='ltr'><strong>athletas.</strong></span> <span class='ocrx_word' id='word_1_315' title='bbox 1057 1186 1097 1196; x_wconf 89' lang='lat'>—</span> <span class='ocrx_word' id='word_1_316' title='bbox 1112 1151 1154 1214; x_wconf 82' lang='lat' dir='ltr'><strong>lle</strong></span> <span class='ocrx_word' id='word_1_317' title='bbox 1174 1152 1356 1213; x_wconf 83' lang='lat' dir='ltr'><strong>Pommocbo</strong></span> <span class='ocrx_word' id='word_1_318' title='bbox 1378 1149 1529 1211; x_wconf 89' lang='lat' dir='ltr'><strong>videndus</strong></span> <span class='ocrx_word' id='word_1_319' title='bbox 1545 1150 1570 1210; x_wconf 84' lang='lat' dir='ltr'><em>F</em></span> <span class='ocrx_word' id='word_1_320' title='bbox 1570 1169 1624 1213; x_wconf 88' lang='lat' dir='ltr'><strong>or·</strong></span> 
     </span>
     <span class='ocr_line' id='line_1_62' title="bbox 902 1238 1271 1303; baseline 0.008 -4"><span class='ocrx_word' id='word_1_321' title='bbox 902 1242 965 1303; x_wconf 87' lang='grc'><strong>144.</strong></span> <span class='ocrx_word' id='word_1_322' title='bbox 980 1238 1011 1300; x_wconf 93' lang='lat' dir='ltr'><strong>in</strong></span> <span class='ocrx_word' id='word_1_323' title='bbox 1030 1238 1136 1301; x_wconf 76' lang='lat' dir='ltr'><strong>benico</strong></span> <span class='ocrx_word' id='word_1_324' title='bbox 1149 1242 1271 1302; x_wconf 82' lang='lat' dir='ltr'><strong>Forcell.</strong></span> 
     </span>
    </p>

    <p class='ocr_par' dir='ltr' id='par_1_16' title="bbox 901 1321 1625 1674">
     <span class='ocr_line' id='line_1_63' title="bbox 941 1321 1621 1410; baseline -0.006 -21"><span class='ocrx_word' id='word_1_325' title='bbox 941 1321 1154 1402; x_wconf 68' lang='grc'><strong>1414141449,</strong></span> <span class='ocrx_word' id='word_1_326' title='bbox 1168 1348 1196 1405; x_wconf 87' lang='grc'><strong>4,</strong></span> <span class='ocrx_word' id='word_1_327' title='bbox 1210 1349 1275 1404; x_wconf 90' lang='lat' dir='ltr'><strong>um,</strong></span> <span class='ocrx_word' id='word_1_328' title='bbox 1293 1326 1355 1405; x_wconf 76' lang='lat' dir='ltr'><strong>adj,</strong></span> <span class='ocrx_word' id='word_1_329' title='bbox 1372 1327 1481 1389; x_wconf 83' lang='lat' dir='ltr'><strong>Mixtus</strong></span> <span class='ocrx_word' id='word_1_330' title='bbox 1495 1345 1621 1410; x_wconf 88' lang='lat' dir='ltr'><strong>panace.</strong></span> 
     </span>
     <span class='ocr_line' id='line_1_64' title="bbox 901 1416 1625 1497; baseline -0.006 -18"><span class='ocrx_word' id='word_1_331' title='bbox 901 1418 1068 1481; x_wconf 68' lang='grc'><strong>04414144.</strong></span> <span class='ocrx_word' id='word_1_332' title='bbox 1093 1420 1179 1480; x_wconf 84' lang='lat' dir='ltr'><strong>Tard.</strong></span> <span class='ocrx_word' id='word_1_333' title='bbox 1200 1423 1236 1491; x_wconf 88' lang='grc'><strong>4,</strong></span> <span class='ocrx_word' id='word_1_334' title='bbox 1262 1424 1292 1477; x_wconf 85' lang='lat' dir='ltr'><strong>t.</strong></span> <span class='ocrx_word' id='word_1_335' title='bbox 1317 1416 1483 1497; x_wconf 81' lang='lat' dir='ltr'><strong>Clysterem</strong></span> <span class='ocrx_word' id='word_1_336' title='bbox 1507 1426 1625 1478; x_wconf 80' lang='grc'><strong>441444-</strong></span> 
     </span>
     <span class='ocr_line' id='line_1_65' title="bbox 902 1504 1622 1587; baseline 0 -22"><span class='ocrx_word' id='word_1_337' title='bbox 902 1524 987 1581; x_wconf 83' lang='grc'><strong>4441,</strong></span> <span class='ocrx_word' id='word_1_338' title='bbox 1004 1516 1056 1567; x_wconf 84' lang='grc'><strong>441</strong></span> <span class='ocrx_word' id='word_1_339' title='bbox 1072 1506 1263 1582; x_wconf 85' lang='lat' dir='ltr'><strong>anethinum,</strong></span> <span class='ocrx_word' id='word_1_340' title='bbox 1275 1516 1326 1567; x_wconf 92' lang='lat' dir='ltr'><strong>aut</strong></span> <span class='ocrx_word' id='word_1_341' title='bbox 1339 1504 1536 1587; x_wconf 87' lang='lat' dir='ltr'><strong>panacinum.</strong></span> <span class='ocrx_word' id='word_1_342' title='bbox 1546 1506 1622 1566; x_wconf 77' lang='lat' dir='ltr'><strong>loto.</strong></span> 
     </span>
     <span class='ocr_line' id='line_1_66' title="bbox 902 1592 1227 1674; baseline 0 -18"><span class='ocrx_word' id='word_1_343' title='bbox 902 1592 1009 1656; x_wconf 85' lang='lat' dir='ltr'><strong>Oleum</strong></span> <span class='ocrx_word' id='word_1_344' title='bbox 1029 1596 1227 1674; x_wconf 87' lang='lat' dir='ltr'><strong>panacinuur.</strong></span> 
     </span>
    </p>

    <p class='ocr_par' dir='ltr' id='par_1_17' title="bbox 903 1678 1628 2118">
     <span class='ocr_line' id='line_1_67' title="bbox 942 1678 1623 1759; baseline -0.001 -15"><span class='ocrx_word' id='word_1_345' title='bbox 942 1678 1241 1758; x_wconf 71' lang='lat' dir='ltr'><strong>PANCRllleRIUS,</strong></span> <span class='ocrx_word' id='word_1_346' title='bbox 1266 1681 1304 1759; x_wconf 90' lang='lat' dir='ltr'><strong>ii,</strong></span> <span class='ocrx_word' id='word_1_347' title='bbox 1325 1700 1368 1743; x_wconf 90' lang='lat' dir='ltr'><strong>m.</strong></span> <span class='ocrx_word' id='word_1_348' title='bbox 1392 1681 1623 1744; x_wconf 86' lang='lat' dir='ltr'><strong>Pancratiaates.</strong></span> 
     </span>
     <span class='ocr_line' id='line_1_68' title="bbox 903 1770 1623 1853; baseline -0.001 -18"><span class='ocrx_word' id='word_1_349' title='bbox 903 1772 994 1835; x_wconf 83' lang='lat' dir='ltr'><strong>Gloss.</strong></span> <span class='ocrx_word' id='word_1_350' title='bbox 1012 1773 1112 1835; x_wconf 81' lang='lat' dir='ltr'><strong>Poris.</strong></span> <span class='ocrx_word' id='word_1_351' title='bbox 1128 1770 1366 1846; x_wconf 88' lang='lat' dir='ltr'><strong>Pancratiarius,</strong></span> <span class='ocrx_word' id='word_1_352' title='bbox 1387 1770 1490 1853; x_wconf 80' lang='lat' dir='ltr'><strong>pugil,</strong></span> <span class='ocrx_word' id='word_1_353' title='bbox 1510 1772 1623 1841; x_wconf 74' lang='grc' dir='ltr'><strong>πύκτης.</strong></span> 
     </span>
     <span class='ocr_line' id='line_1_69' title="bbox 903 1859 1628 1943; baseline -0.006 -20"><span class='ocrx_word' id='word_1_354' title='bbox 903 1861 993 1926; x_wconf 82' lang='lat' dir='ltr'><strong>Gloss.</strong></span> <span class='ocrx_word' id='word_1_355' title='bbox 1015 1864 1077 1926; x_wconf 83' lang='lat' dir='ltr'><strong>Vct.</strong></span> <span class='ocrx_word' id='word_1_356' title='bbox 1093 1873 1114 1924; x_wconf 90' lang='grc'><strong>1.</strong></span> <span class='ocrx_word' id='word_1_357' title='bbox 1127 1861 1195 1938; x_wconf 83' lang='lat' dir='ltr'><strong>Vll,</strong></span> <span class='ocrx_word' id='word_1_358' title='bbox 1211 1881 1242 1943; x_wconf 91' lang='lat' dir='ltr'><strong>p.</strong></span> <span class='ocrx_word' id='word_1_359' title='bbox 1259 1867 1328 1922; x_wconf 85' lang='grc'><strong>572.</strong></span> <span class='ocrx_word' id='word_1_360' title='bbox 1345 1859 1555 1935; x_wconf 84' lang='lat' dir='ltr'><strong>Pancratiarii,</strong></span> <span class='ocrx_word' id='word_1_361' title='bbox 1574 1861 1628 1921; x_wconf 88' lang='lat' dir='ltr'><strong>fla·</strong></span> 
     </span>
     <span class='ocr_line' id='line_1_70' title="bbox 903 1948 1624 2032; baseline -0.003 -20"><span class='ocrx_word' id='word_1_362' title='bbox 903 1950 989 2030; x_wconf 82' lang='lat' dir='ltr'><strong>gellis</strong></span> <span class='ocrx_word' id='word_1_363' title='bbox 1010 1961 1062 2012; x_wconf 92' lang='lat' dir='ltr'><strong>aut</strong></span> <span class='ocrx_word' id='word_1_364' title='bbox 1083 1950 1242 2013; x_wconf 88' lang='lat' dir='ltr'><strong>tormentis</strong></span> <span class='ocrx_word' id='word_1_365' title='bbox 1266 1948 1413 2032; x_wconf 84' lang='lat' dir='ltr'><strong>subjecti,</strong></span> <span class='ocrx_word' id='word_1_366' title='bbox 1429 1959 1519 2031; x_wconf 87' lang='lat' dir='ltr'><strong>atque</strong></span> <span class='ocrx_word' id='word_1_367' title='bbox 1539 1969 1624 2032; x_wconf 83' lang='lat' dir='ltr'><strong>aequo</strong></span> 
     </span>
     <span class='ocr_line' id='line_1_71' title="bbox 904 2037 1576 2118; baseline -0.001 -17"><span class='ocrx_word' id='word_1_368' title='bbox 904 2038 1006 2101; x_wconf 88' lang='lat' dir='ltr'><strong>animo</strong></span> <span class='ocrx_word' id='word_1_369' title='bbox 1020 2039 1193 2114; x_wconf 86' lang='lat' dir='ltr'><strong>tolerantes,</strong></span> <span class='ocrx_word' id='word_1_370' title='bbox 1211 2048 1404 2101; x_wconf 88' lang='lat' dir='ltr'><strong>coronantur.</strong></span> <span class='ocrx_word' id='word_1_371' title='bbox 1421 2037 1468 2099; x_wconf 90' lang='grc'><strong>01.</strong></span> <span class='ocrx_word' id='word_1_372' title='bbox 1483 2040 1576 2118; x_wconf 75' lang='grc'><strong>0444.</strong></span> 
     </span>
    </p>

    <p class='ocr_par' dir='ltr' id='par_1_18' title="bbox 902 2123 1648 2474">
     <span class='ocr_line' id='line_1_72' title="bbox 942 2123 1625 2203; baseline -0.006 -12"><span class='ocrx_word' id='word_1_373' title='bbox 942 2123 1216 2201; x_wconf 69' lang='grc' dir='ltr'><strong>ΡΑΝΒῘΟὔιᾸΤΙΟ,</strong></span> <span class='ocrx_word' id='word_1_374' title='bbox 1231 2127 1311 2203; x_wconf 90' lang='lat' dir='ltr'><strong>onis,</strong></span> <span class='ocrx_word' id='word_1_375' title='bbox 1325 2125 1346 2189; x_wconf 87' lang='grc'><strong>1.</strong></span> <span class='ocrx_word' id='word_1_376' title='bbox 1364 2125 1560 2189; x_wconf 78' lang='lat' dir='ltr'><strong>brachiorum</strong></span> <span class='ocrx_word' id='word_1_377' title='bbox 1575 2146 1625 2187; x_wconf 79' lang='grc'><strong>41-</strong></span> 
     </span>
     <span class='ocr_line' id='line_1_73' title="bbox 903 2216 1621 2297; baseline -0.004 -18"><span class='ocrx_word' id='word_1_378' title='bbox 903 2218 999 2281; x_wconf 87' lang='lat' dir='ltr'><strong>tensio</strong></span> <span class='ocrx_word' id='word_1_379' title='bbox 1008 2238 1077 2280; x_wconf 88' lang='lat' dir='ltr'><strong>cum</strong></span> <span class='ocrx_word' id='word_1_380' title='bbox 1091 2217 1266 2281; x_wconf 89' lang='lat' dir='ltr'><strong>oscitatione</strong></span> <span class='ocrx_word' id='word_1_381' title='bbox 1275 2216 1359 2297; x_wconf 77' lang='lat' dir='ltr'><strong>(gall.</strong></span> <span class='ocrx_word' id='word_1_382' title='bbox 1369 2217 1621 2296; x_wconf 82' lang='lat' dir='ltr'><strong>pandiculatioo).</strong></span> 
     </span>
     <span class='ocr_line' id='line_1_74' title="bbox 905 2304 1623 2387; baseline -0.006 -17"><span class='ocrx_word' id='word_1_383' title='bbox 905 2309 1117 2371; x_wconf 79' lang='grc'><strong>0444441141.</strong></span> <span class='ocrx_word' id='word_1_384' title='bbox 1133 2326 1180 2385; x_wconf 79' lang='lat' dir='ltr'><strong>pr.</strong></span> <span class='ocrx_word' id='word_1_385' title='bbox 1192 2304 1414 2381; x_wconf 86' lang='lat' dir='ltr'><strong>Pandiculatio,</strong></span> <span class='ocrx_word' id='word_1_386' title='bbox 1429 2306 1623 2387; x_wconf 75' lang='grc' dir='ltr'><strong>σκορδινισμός.</strong></span> 
     </span>
     <span class='ocr_line' id='line_1_75' title="bbox 902 2394 1648 2474; baseline 0.005 -20"><span class='ocrx_word' id='word_1_387' title='bbox 902 2396 1063 2459; x_wconf 85' lang='lat' dir='ltr'><strong>-Vocem</strong></span> <span class='ocrx_word' id='word_1_388' title='bbox 1080 2415 1140 2458; x_wconf 92' lang='lat' dir='ltr'><strong>non</strong></span> <span class='ocrx_word' id='word_1_389' title='bbox 1156 2394 1276 2458; x_wconf 82' lang='lat' dir='ltr'><strong>exbibet</strong></span> <span class='ocrx_word' id='word_1_390' title='bbox 1290 2398 1383 2474; x_wconf 73' lang='lat' dir='ltr'><strong>Cano.</strong></span> <span class='ocrx_word' id='word_1_391' title='bbox 1643 2463 1648 2473; x_wconf 31' lang='lat'><strong>⁴</strong></span> 
     </span>
    </p>

    <p class='ocr_par' dir='ltr' id='par_1_19' title="bbox 902 2484 1624 2834">
     <span class='ocr_line' id='line_1_76' title="bbox 943 2484 1624 2565; baseline -0.01 -17"><span class='ocrx_word' id='word_1_392' title='bbox 943 2484 1191 2560; x_wconf 77' lang='lat' dir='ltr'><strong>PANDchltJM,</strong></span> <span class='ocrx_word' id='word_1_393' title='bbox 1212 2484 1250 2559; x_wconf 78' lang='lat' dir='ltr'><strong>ii,</strong></span> <span class='ocrx_word' id='word_1_394' title='bbox 1270 2504 1303 2547; x_wconf 88' lang='lat' dir='ltr'><strong>n.</strong></span> <span class='ocrx_word' id='word_1_395' title='bbox 1325 2485 1486 2565; x_wconf 80' lang='grc' dir='ltr'>(πανδόχιον</span> <span class='ocrx_word' id='word_1_396' title='bbox 1508 2495 1537 2547; x_wconf 85' lang='lat' dir='ltr'><strong>el</strong></span> <span class='ocrx_word' id='word_1_397' title='bbox 1554 2511 1624 2545; x_wconf 78' lang='grc' dir='ltr'>παν-</span> 
     </span>
     <span class='ocr_line' id='line_1_77' title="bbox 902 2574 1623 2657; baseline 0.001 -22"><span class='ocrx_word' id='word_1_398' title='bbox 902 2574 1019 2657; x_wconf 80' lang='grc' dir='ltr'><strong>δόκιον).</strong></span> <span class='ocrx_word' id='word_1_399' title='bbox 1042 2574 1198 2656; x_wconf 88' lang='lat' dir='ltr'><strong>Gaupona.</strong></span> <span class='ocrx_word' id='word_1_400' title='bbox 1227 2575 1342 2636; x_wconf 75' lang='grc'><strong>1114414</strong></span> <span class='ocrx_word' id='word_1_401' title='bbox 1364 2576 1442 2635; x_wconf 74' lang='lat' dir='ltr'><strong>Thes.</strong></span> <span class='ocrx_word' id='word_1_402' title='bbox 1468 2592 1535 2636; x_wconf 87' lang='grc'><strong>444.</strong></span> <span class='ocrx_word' id='word_1_403' title='bbox 1562 2575 1623 2636; x_wconf 83' lang='lat' dir='ltr'><strong>Lot.</strong></span> 
     </span>
     <span class='ocr_line' id='line_1_78' title="bbox 902 2661 1618 2744; baseline -0.001 -18"><span class='ocrx_word' id='word_1_404' title='bbox 902 2683 930 2744; x_wconf 95' lang='lat' dir='ltr'><strong>p.</strong></span> <span class='ocrx_word' id='word_1_405' title='bbox 957 2670 1027 2726; x_wconf 82' lang='grc'><strong>482.</strong></span> <span class='ocrx_word' id='word_1_406' title='bbox 1056 2661 1281 2738; x_wconf 85' lang='lat' dir='ltr'><strong>Pandoclrium,</strong></span> <span class='ocrx_word' id='word_1_407' title='bbox 1307 2662 1417 2725; x_wconf 87' lang='lat' dir='ltr'><strong>domus</strong></span> <span class='ocrx_word' id='word_1_408' title='bbox 1440 2673 1618 2743; x_wconf 86' lang='lat' dir='ltr'><strong>potatorum.</strong></span> 
     </span>
     <span class='ocr_line' id='line_1_79' title="bbox 902 2753 1195 2834; baseline -0.003 -21"><span class='ocrx_word' id='word_1_409' title='bbox 902 2753 947 2815; x_wconf 87' lang='lat' dir='ltr'><strong>ld.</strong></span> <span class='ocrx_word' id='word_1_410' title='bbox 965 2772 995 2834; x_wconf 93' lang='lat' dir='ltr'><strong>p.</strong></span> <span class='ocrx_word' id='word_1_411' title='bbox 1015 2758 1069 2814; x_wconf 87' lang='grc'><strong>149</strong></span> <span class='ocrx_word' id='word_1_412' title='bbox 1085 2756 1195 2815; x_wconf 78' lang='grc'><strong>41365.</strong></span> 
     </span>
    </p>

    <p class='ocr_par' dir='ltr' id='par_1_20' title="bbox 941 2838 1507 2915">
     <span class='ocr_line' id='line_1_80' title="bbox 941 2838 1507 2915; baseline -0.004 -11"><span class='ocrx_word' id='word_1_413' title='bbox 941 2852 1152 2915; x_wconf 75' lang='lat' dir='ltr'><strong>pannorum,</strong></span> <span class='ocrx_word' id='word_1_414' title='bbox 1170 2838 1507 2905; x_wconf 68' lang='grc'><strong>41114444444144.</strong></span> 
     </span>
    </p>

    <p class='ocr_par' dir='ltr' id='par_1_21' title="bbox 897 2928 1622 4060">
     <span class='ocr_line' id='line_1_81' title="bbox 942 2928 1608 3012; baseline -0.002 -20"><span class='ocrx_word' id='word_1_415' title='bbox 942 2941 1101 3002; x_wconf 82' lang='lat' dir='ltr'><strong>PANDOX,</strong></span> <span class='ocrx_word' id='word_1_416' title='bbox 1128 2928 1206 3003; x_wconf 82' lang='lat' dir='ltr'><strong>ocis,</strong></span> <span class='ocrx_word' id='word_1_417' title='bbox 1230 2949 1271 2990; x_wconf 87' lang='lat' dir='ltr'><strong>m.</strong></span> <span class='ocrx_word' id='word_1_418' title='bbox 1298 2930 1476 3009; x_wconf 78' lang='grc' dir='ltr'><strong>(πανδοκεῦς,</strong></span> <span class='ocrx_word' id='word_1_419' title='bbox 1493 2930 1608 3012; x_wconf 76' lang='grc' dir='ltr'>πάνδοξ)</span> 
     </span>
     <span class='ocr_line' id='line_1_82' title="bbox 903 3020 1619 3100; baseline -0.001 -17"><span class='ocrx_word' id='word_1_420' title='bbox 903 3022 1017 3083; x_wconf 76' lang='lat' dir='ltr'><strong>Thoona</strong></span> <span class='ocrx_word' id='word_1_421' title='bbox 1044 3022 1123 3082; x_wconf 77' lang='lat' dir='ltr'><strong>lber.</strong></span> <span class='ocrx_word' id='word_1_422' title='bbox 1149 3038 1218 3081; x_wconf 87' lang='grc'><strong>444.</strong></span> <span class='ocrx_word' id='word_1_423' title='bbox 1248 3022 1307 3081; x_wconf 84' lang='lat' dir='ltr'><strong>lot.</strong></span> <span class='ocrx_word' id='word_1_424' title='bbox 1334 3039 1363 3100; x_wconf 93' lang='lat' dir='ltr'><strong>p.</strong></span> <span class='ocrx_word' id='word_1_425' title='bbox 1384 3026 1454 3081; x_wconf 82' lang='grc'><strong>448.</strong></span> <span class='ocrx_word' id='word_1_426' title='bbox 1481 3020 1619 3093; x_wconf 83' lang='grc' dir='ltr'><strong>Ρ44444,</strong></span> 
     </span>
     <span class='ocr_line' id='line_1_83' title="bbox 901 3106 1622 3190; baseline -0.003 -20"><span class='ocrx_word' id='word_1_427' title='bbox 901 3108 1038 3170; x_wconf 88' lang='lat' dir='ltr'><strong>ebriosus</strong></span> <span class='ocrx_word' id='word_1_428' title='bbox 1059 3117 1088 3171; x_wconf 90' lang='lat' dir='ltr'><strong>et</strong></span> <span class='ocrx_word' id='word_1_429' title='bbox 1106 3108 1244 3189; x_wconf 80' lang='lat' dir='ltr'><strong>gulosus,</strong></span> <span class='ocrx_word' id='word_1_430' title='bbox 1262 3106 1343 3188; x_wconf 88' lang='lat' dir='ltr'><strong>quod</strong></span> <span class='ocrx_word' id='word_1_431' title='bbox 1371 3127 1490 3190; x_wconf 86' lang='lat' dir='ltr'><strong>semper</strong></span> <span class='ocrx_word' id='word_1_432' title='bbox 1513 3108 1622 3190; x_wconf 90' lang='lat' dir='ltr'><strong>pandit</strong></span> 
     </span>
     <span class='ocr_line' id='line_1_84' title="bbox 900 3197 1622 3280; baseline 0.001 -20"><span class='ocrx_word' id='word_1_433' title='bbox 900 3216 954 3260; x_wconf 91' lang='lat' dir='ltr'><strong>ora</strong></span> <span class='ocrx_word' id='word_1_434' title='bbox 972 3208 1093 3280; x_wconf 89' lang='lat' dir='ltr'><strong>propter</strong></span> <span class='ocrx_word' id='word_1_435' title='bbox 1111 3216 1207 3261; x_wconf 89' lang='lat' dir='ltr'><strong>escas.</strong></span> <span class='ocrx_word' id='word_1_436' title='bbox 1222 3197 1310 3259; x_wconf 88' lang='lat' dir='ltr'><strong>Unde</strong></span> <span class='ocrx_word' id='word_1_437' title='bbox 1329 3198 1508 3260; x_wconf 75' lang='lat' dir='ltr'><strong>Ambrosius</strong></span> <span class='ocrx_word' id='word_1_438' title='bbox 1530 3217 1622 3280; x_wconf 90' lang='lat' dir='ltr'><strong>super</strong></span> 
     </span>
     <span class='ocr_line' id='line_1_85' title="bbox 902 3284 1621 3369; baseline 0.004 -22"><span class='ocrx_word' id='word_1_439' title='bbox 902 3285 1103 3368; x_wconf 76' lang='lat' dir='ltr'><strong>Hegesippum</strong></span> <span class='ocrx_word' id='word_1_440' title='bbox 1128 3284 1159 3347; x_wconf 93' lang='lat' dir='ltr'><strong>in</strong></span> <span class='ocrx_word' id='word_1_441' title='bbox 1181 3284 1267 3348; x_wconf 90' lang='lat' dir='ltr'><strong>tertio</strong></span> <span class='ocrx_word' id='word_1_442' title='bbox 1285 3305 1293 3347; x_wconf 74' lang='grc' dir='ltr'><strong><em>ε</em></strong></span> <span class='ocrx_word' id='word_1_443' title='bbox 1311 3284 1371 3348; x_wconf 88' lang='lat' dir='ltr'><strong>Sed</strong></span> <span class='ocrx_word' id='word_1_444' title='bbox 1391 3296 1421 3349; x_wconf 94' lang='grc'><strong>41</strong></span> <span class='ocrx_word' id='word_1_445' title='bbox 1438 3306 1490 3350; x_wconf 85' lang='grc'><strong>444</strong></span> <span class='ocrx_word' id='word_1_446' title='bbox 1508 3286 1562 3369; x_wconf 87' lang='lat' dir='ltr'><strong>qui</strong></span> <span class='ocrx_word' id='word_1_447' title='bbox 1581 3286 1621 3350; x_wconf 90' lang='lat' dir='ltr'><strong>de</strong></span> 
     </span>
     <span class='ocr_line' id='line_1_86' title="bbox 899 3373 1618 3457; baseline 0 -21"><span class='ocrx_word' id='word_1_448' title='bbox 899 3374 1088 3455; x_wconf 88' lang='lat' dir='ltr'><strong>cauponibus</strong></span> <span class='ocrx_word' id='word_1_449' title='bbox 1116 3384 1145 3437; x_wconf 91' lang='lat' dir='ltr'><strong>et</strong></span> <span class='ocrx_word' id='word_1_450' title='bbox 1170 3373 1362 3456; x_wconf 90' lang='lat' dir='ltr'><strong>pandocibus</strong></span> <span class='ocrx_word' id='word_1_451' title='bbox 1392 3374 1485 3436; x_wconf 85' lang='lat' dir='ltr'><strong>vitem</strong></span> <span class='ocrx_word' id='word_1_452' title='bbox 1513 3386 1618 3457; x_wconf 78' lang='lat' dir='ltr'><strong>agunt.</strong></span> 
     </span>
     <span class='ocr_line' id='line_1_87' title="bbox 899 3462 1619 3546; baseline 0 -20"><span class='ocrx_word' id='word_1_453' title='bbox 899 3465 989 3527; x_wconf 81' lang='lat' dir='ltr'><strong>Gloas.</strong></span> <span class='ocrx_word' id='word_1_454' title='bbox 1015 3464 1085 3524; x_wconf 78' lang='lat' dir='ltr'><strong>laid.</strong></span> <span class='ocrx_word' id='word_1_455' title='bbox 1115 3462 1238 3524; x_wconf 68' lang='lat' dir='ltr'><strong>Pandora</strong></span> <span class='ocrx_word' id='word_1_456' title='bbox 1265 3462 1361 3541; x_wconf 90' lang='lat' dir='ltr'><strong>(male</strong></span> <span class='ocrx_word' id='word_1_457' title='bbox 1386 3463 1544 3543; x_wconf 77' lang='lat' dir='ltr'><strong>Pendet),</strong></span> <span class='ocrx_word' id='word_1_458' title='bbox 1567 3464 1619 3546; x_wconf 90' lang='lat' dir='ltr'><strong>qni</strong></span> 
     </span>
     <span class='ocr_line' id='line_1_88' title="bbox 899 3551 1618 3637; baseline 0.001 -22"><span class='ocrx_word' id='word_1_459' title='bbox 899 3551 1151 3637; x_wconf 77' lang='lat' dir='ltr'><strong>semperpandit</strong></span> <span class='ocrx_word' id='word_1_460' title='bbox 1167 3572 1220 3614; x_wconf 86' lang='lat' dir='ltr'><strong>ora</strong></span> <span class='ocrx_word' id='word_1_461' title='bbox 1236 3553 1273 3613; x_wconf 92' lang='lat' dir='ltr'><strong>ad</strong></span> <span class='ocrx_word' id='word_1_462' title='bbox 1292 3553 1473 3635; x_wconf 89' lang='lat' dir='ltr'><strong>potandum.</strong></span> <span class='ocrx_word' id='word_1_463' title='bbox 1499 3554 1618 3634; x_wconf 86' lang='lat' dir='ltr'><strong>(Talem</strong></span> 
     </span>
     <span class='ocr_line' id='line_1_89' title="bbox 898 3640 1621 3723; baseline 0.006 -20"><span class='ocrx_word' id='word_1_464' title='bbox 898 3643 980 3705; x_wconf 87' lang='lat' dir='ltr'><strong>verbi</strong></span> <span class='ocrx_word' id='word_1_465' title='bbox 994 3642 1143 3723; x_wconf 78' lang='lat' dir='ltr'><strong>originem</strong></span> <span class='ocrx_word' id='word_1_466' title='bbox 1156 3640 1226 3723; x_wconf 86' lang='lat' dir='ltr'><strong>quis</strong></span> <span class='ocrx_word' id='word_1_467' title='bbox 1245 3641 1525 3723; x_wconf 78' lang='lat' dir='ltr'><strong>accipiatl)-lmo</strong></span> <span class='ocrx_word' id='word_1_468' title='bbox 1542 3647 1621 3707; x_wconf 82' lang='lat' dir='ltr'><strong>Pon-</strong></span> 
     </span>
     <span class='ocr_line' id='line_1_90' title="bbox 897 3729 1619 3814; baseline 0.006 -22"><span class='ocrx_word' id='word_1_469' title='bbox 897 3735 959 3795; x_wconf 79' lang='grc'><strong>444</strong></span> <span class='ocrx_word' id='word_1_470' title='bbox 971 3742 1017 3794; x_wconf 87' lang='grc'><strong>441</strong></span> <span class='ocrx_word' id='word_1_471' title='bbox 1029 3729 1224 3804; x_wconf 87' lang='lat' dir='ltr'><strong>stabularius,</strong></span> <span class='ocrx_word' id='word_1_472' title='bbox 1238 3748 1345 3812; x_wconf 89' lang='lat' dir='ltr'><strong>caupo,</strong></span> <span class='ocrx_word' id='word_1_473' title='bbox 1358 3732 1440 3814; x_wconf 92' lang='lat' dir='ltr'><strong>quod</strong></span> <span class='ocrx_word' id='word_1_474' title='bbox 1455 3732 1496 3793; x_wconf 83' lang='lat' dir='ltr'><strong>ait</strong></span> <span class='ocrx_word' id='word_1_475' title='bbox 1509 3735 1619 3813; x_wconf 68' lang='grc'><strong>0444,</strong></span> 
     </span>
     <span class='ocr_line' id='line_1_91' title="bbox 897 3817 1617 3900; baseline 0.003 -19"><span class='ocrx_word' id='word_1_476' title='bbox 897 3830 926 3881; x_wconf 90' lang='grc'><strong>41</strong></span> <span class='ocrx_word' id='word_1_477' title='bbox 939 3820 1103 3882; x_wconf 86' lang='lat' dir='ltr'><strong>ostendunt</strong></span> <span class='ocrx_word' id='word_1_478' title='bbox 1115 3817 1255 3900; x_wconf 83' lang='lat' dir='ltr'><strong>exempla</strong></span> <span class='ocrx_word' id='word_1_479' title='bbox 1274 3818 1312 3880; x_wconf 92' lang='lat' dir='ltr'><strong>ab</strong></span> <span class='ocrx_word' id='word_1_480' title='bbox 1333 3838 1367 3882; x_wconf 90' lang='lat' dir='ltr'><strong>eo</strong></span> <span class='ocrx_word' id='word_1_481' title='bbox 1389 3819 1522 3883; x_wconf 88' lang='lat' dir='ltr'><strong>laudata.</strong></span> <span class='ocrx_word' id='word_1_482' title='bbox 1541 3822 1617 3884; x_wconf 84' lang='lat' dir='ltr'><strong>Cum</strong></span> 
     </span>
     <span class='ocr_line' id='line_1_92' title="bbox 898 3906 1618 3991; baseline 0.008 -23"><span class='ocrx_word' id='word_1_483' title='bbox 898 3907 954 3971; x_wconf 90' lang='lat' dir='ltr'><strong>hoc</strong></span> <span class='ocrx_word' id='word_1_484' title='bbox 972 3927 1064 3971; x_wconf 88' lang='lat' dir='ltr'><strong>seusu</strong></span> <span class='ocrx_word' id='word_1_485' title='bbox 1083 3906 1154 3969; x_wconf 84' lang='lat' dir='ltr'><strong>lacit</strong></span> <span class='ocrx_word' id='word_1_486' title='bbox 1175 3908 1257 3969; x_wconf 92' lang='lat' dir='ltr'><strong>locus</strong></span> <span class='ocrx_word' id='word_1_487' title='bbox 1270 3909 1421 3972; x_wconf 80' lang='lat' dir='ltr'><strong>Ambrosii</strong></span> <span class='ocrx_word' id='word_1_488' title='bbox 1439 3929 1533 3991; x_wconf 80' lang='lat' dir='ltr'><strong>supra</strong></span> <span class='ocrx_word' id='word_1_489' title='bbox 1553 3931 1618 3975; x_wconf 89' lang='lat' dir='ltr'><strong>me·</strong></span> 
     </span>
     <span class='ocr_line' id='line_1_93' title="bbox 899 4006 1044 4060; baseline 0.014 -3"><span class='ocrx_word' id='word_1_490' title='bbox 899 4006 1044 4060; x_wconf 79' lang='lat' dir='ltr'><strong>moratus,</strong></span> 
     </span>
    </p>

    <p class='ocr_par' dir='ltr' id='par_1_22' title="bbox 896 4084 1618 4773">
     <span class='ocr_line' id='line_1_94' title="bbox 936 4084 1615 4169; baseline 0.004 -21"><span class='ocrx_word' id='word_1_491' title='bbox 936 4084 1166 4162; x_wconf 77' lang='lat' dir='ltr'><strong>Pnnbitttltttt,</strong></span> <span class='ocrx_word' id='word_1_492' title='bbox 1190 4085 1228 4161; x_wconf 84' lang='lat' dir='ltr'><strong>ii,</strong></span> <span class='ocrx_word' id='word_1_493' title='bbox 1255 4105 1288 4148; x_wconf 86' lang='lat' dir='ltr'><strong>n.</strong></span> <span class='ocrx_word' id='word_1_494' title='bbox 1312 4084 1513 4169; x_wconf 74' lang='lat' dir='ltr'><strong>(aavdodprov).</strong></span> <span class='ocrx_word' id='word_1_495' title='bbox 1536 4087 1615 4150; x_wconf 76' lang='lat' dir='ltr'><strong>Pan·</strong></span> 
     </span>
     <span class='ocr_line' id='line_1_95' title="bbox 898 4174 1617 4257; baseline 0.004 -22"><span class='ocrx_word' id='word_1_496' title='bbox 898 4174 986 4237; x_wconf 88' lang='lat' dir='ltr'><strong>dura.</strong></span> <span class='ocrx_word' id='word_1_497' title='bbox 1010 4175 1141 4238; x_wconf 82' lang='lat' dir='ltr'><strong>Cassiod.</strong></span> <span class='ocrx_word' id='word_1_498' title='bbox 1162 4176 1201 4237; x_wconf 85' lang='lat' dir='ltr'><strong>ln</strong></span> <span class='ocrx_word' id='word_1_499' title='bbox 1228 4175 1343 4237; x_wconf 76' lang='lat' dir='ltr'><strong>Ptoios.</strong></span> <span class='ocrx_word' id='word_1_500' title='bbox 1371 4182 1437 4237; x_wconf 83' lang='grc'><strong>146.</strong></span> <span class='ocrx_word' id='word_1_501' title='bbox 1461 4174 1617 4257; x_wconf 81' lang='lat' dir='ltr'><strong>Organum</strong></span> 
     </span>
     <span class='ocr_line' id='line_1_96' title="bbox 897 4262 1618 4346; baseline 0.003 -21"><span class='ocrx_word' id='word_1_502' title='bbox 897 4264 1058 4340; x_wconf 89' lang='lat' dir='ltr'><strong>musicum,</strong></span> <span class='ocrx_word' id='word_1_503' title='bbox 1070 4262 1147 4326; x_wconf 89' lang='lat' dir='ltr'><strong>sicut</strong></span> <span class='ocrx_word' id='word_1_504' title='bbox 1161 4263 1290 4340; x_wconf 88' lang='lat' dir='ltr'><strong>cithara,</strong></span> <span class='ocrx_word' id='word_1_505' title='bbox 1305 4264 1503 4346; x_wconf 88' lang='lat' dir='ltr'><strong>pandurium.</strong></span> <span class='ocrx_word' id='word_1_506' title='bbox 1517 4266 1562 4326; x_wconf 88' lang='lat' dir='ltr'><strong>ld.</strong></span> <span class='ocrx_word' id='word_1_507' title='bbox 1580 4267 1618 4328; x_wconf 85' lang='lat' dir='ltr'><strong>lle</strong></span> 
     </span>
     <span class='ocr_line' id='line_1_97' title="bbox 897 4352 1615 4437; baseline -0.004 -22"><span class='ocrx_word' id='word_1_508' title='bbox 897 4358 1001 4418; x_wconf 79' lang='grc'><strong>114414.</strong></span> <span class='ocrx_word' id='word_1_509' title='bbox 1027 4375 1059 4437; x_wconf 96' lang='lat' dir='ltr'><strong>p.</strong></span> <span class='ocrx_word' id='word_1_510' title='bbox 1082 4361 1152 4418; x_wconf 82' lang='lat'><strong>587.</strong></span> <span class='ocrx_word' id='word_1_511' title='bbox 1171 4352 1318 4416; x_wconf 90' lang='lat' dir='ltr'><strong>Inllatilia</strong></span> <span class='ocrx_word' id='word_1_512' title='bbox 1338 4355 1615 4436; x_wconf 81' lang='lat' dir='ltr'><strong>(irrstrumeotn)....</strong></span> 
     </span>
     <span class='ocr_line' id='line_1_98' title="bbox 898 4441 1618 4524; baseline -0.003 -19"><span class='ocrx_word' id='word_1_513' title='bbox 898 4454 930 4505; x_wconf 90' lang='grc'><strong>41</strong></span> <span class='ocrx_word' id='word_1_514' title='bbox 947 4443 1120 4517; x_wconf 82' lang='lat' dir='ltr'><strong>sunttubae,</strong></span> <span class='ocrx_word' id='word_1_515' title='bbox 1135 4443 1394 4524; x_wconf 56' lang='lat' dir='ltr'><strong>columbariacus,</strong></span> <span class='ocrx_word' id='word_1_516' title='bbox 1412 4441 1573 4522; x_wconf 88' lang='lat' dir='ltr'><strong>panduria,</strong></span> <span class='ocrx_word' id='word_1_517' title='bbox 1589 4455 1618 4507; x_wconf 88' lang='grc'><strong>41</strong></span> 
     </span>
     <span class='ocr_line' id='line_1_99' title="bbox 896 4530 1618 4613; baseline -0.003 -19"><span class='ocrx_word' id='word_1_518' title='bbox 896 4542 994 4594; x_wconf 90' lang='lat' dir='ltr'><strong>cetera</strong></span> <span class='ocrx_word' id='word_1_519' title='bbox 1005 4530 1195 4613; x_wconf 85' lang='lat' dir='ltr'><strong>hujusmodi.</strong></span> <span class='ocrx_word' id='word_1_520' title='bbox 1215 4533 1287 4592; x_wconf 81' lang='lat' dir='ltr'><strong>laid.</strong></span> <span class='ocrx_word' id='word_1_521' title='bbox 1307 4532 1357 4594; x_wconf 84' lang='lat' dir='ltr'><strong>Or.</strong></span> <span class='ocrx_word' id='word_1_522' title='bbox 1374 4539 1404 4607; x_wconf 84' lang='lat'><strong>3,</strong></span> <span class='ocrx_word' id='word_1_523' title='bbox 1424 4537 1472 4593; x_wconf 88' lang='grc'><strong>20.</strong></span> <span class='ocrx_word' id='word_1_524' title='bbox 1488 4530 1526 4592; x_wconf 92' lang='lat' dir='ltr'><strong>Ut</strong></span> <span class='ocrx_word' id='word_1_525' title='bbox 1547 4545 1618 4592; x_wconf 88' lang='grc'><strong>4441</strong></span> 
     </span>
     <span class='ocr_line' id='line_1_100' title="bbox 897 4618 1618 4702; baseline 0.004 -22"><span class='ocrx_word' id='word_1_526' title='bbox 897 4619 985 4691; x_wconf 86' lang='lat' dir='ltr'><strong>tubae,</strong></span> <span class='ocrx_word' id='word_1_527' title='bbox 1000 4619 1120 4696; x_wconf 90' lang='lat' dir='ltr'><strong>calami,</strong></span> <span class='ocrx_word' id='word_1_528' title='bbox 1135 4621 1255 4695; x_wconf 78' lang='lat' dir='ltr'><strong>fistula,</strong></span> <span class='ocrx_word' id='word_1_529' title='bbox 1267 4639 1394 4701; x_wconf 80' lang='lat' dir='ltr'><strong>organa,</strong></span> <span class='ocrx_word' id='word_1_530' title='bbox 1409 4618 1573 4702; x_wconf 83' lang='lat' dir='ltr'><strong>pandoria,</strong></span> <span class='ocrx_word' id='word_1_531' title='bbox 1589 4635 1618 4683; x_wconf 83' lang='grc'><strong>41</strong></span> 
     </span>
     <span class='ocr_line' id='line_1_101' title="bbox 898 4708 1615 4773; baseline 0 -3"><span class='ocrx_word' id='word_1_532' title='bbox 898 4709 947 4771; x_wconf 87' lang='lat' dir='ltr'><strong>his</strong></span> <span class='ocrx_word' id='word_1_533' title='bbox 969 4709 1083 4772; x_wconf 87' lang='lat' dir='ltr'><strong>similia</strong></span> <span class='ocrx_word' id='word_1_534' title='bbox 1104 4708 1615 4773; x_wconf 73' lang='grc'><strong>14444444141414.1444441441</strong></span> 
     </span>
    </p>
   </div>
   <div class='ocr_carea' id='block_1_5' title="bbox 898 4797 1735 4877">
    <p class='ocr_par' dir='ltr' id='par_1_23' title="bbox 898 4797 1735 4877">
     <span class='ocr_line' id='line_1_102' title="bbox 898 4797 1735 4877; baseline 0.001 -18"><span class='ocrx_word' id='word_1_535' title='bbox 898 4797 936 4860; x_wconf 89' lang='lat' dir='ltr'><strong>ab</strong></span> <span class='ocrx_word' id='word_1_536' title='bbox 954 4798 1107 4861; x_wconf 87' lang='lat' dir='ltr'><strong>inventore</strong></span> <span class='ocrx_word' id='word_1_537' title='bbox 1125 4810 1272 4860; x_wconf 90' lang='lat' dir='ltr'><strong>vocatum.</strong></span> <span class='ocrx_word' id='word_1_538' title='bbox 1294 4797 1382 4877; x_wconf 83' lang='lat' dir='ltr'><strong>(llale</strong></span> <span class='ocrx_word' id='word_1_539' title='bbox 1392 4800 1613 4875; x_wconf 75' lang='grc'><strong>4444441114...</strong></span> <span class='ocrx_word' id='word_1_540' title='bbox 1730 4859 1735 4870; x_wconf 82' lang='grc'><strong>,</strong></span> 
     </span>
    </p>
   </div>
   <div class='ocr_carea' id='block_1_6' title="bbox 897 4886 1618 5055">
    <p class='ocr_par' dir='ltr' id='par_1_24' title="bbox 897 4886 1618 5055">
     <span class='ocr_line' id='line_1_103' title="bbox 897 4886 1618 4968; baseline 0.001 -20"><span class='ocrx_word' id='word_1_541' title='bbox 897 4899 1027 4950; x_wconf 83' lang='lat' dir='ltr'><strong>vocatos.</strong></span> <span class='ocrx_word' id='word_1_542' title='bbox 1054 4887 1178 4949; x_wconf 83' lang='lat' dir='ltr'><strong>Temere</strong></span> <span class='ocrx_word' id='word_1_543' title='bbox 1205 4887 1323 4949; x_wconf 83' lang='lat' dir='ltr'><strong>Areool.</strong></span> <span class='ocrx_word' id='word_1_544' title='bbox 1348 4886 1509 4968; x_wconf 90' lang='lat' dir='ltr'><strong>utrubique</strong></span> <span class='ocrx_word' id='word_1_545' title='bbox 1536 4904 1618 4965; x_wconf 84' lang='lat' dir='ltr'><strong>pon-</strong></span> 
     </span>
     <span class='ocr_line' id='line_1_104' title="bbox 897 4973 1617 5055; baseline -0.003 -18"><span class='ocrx_word' id='word_1_546' title='bbox 897 4978 979 5037; x_wconf 80' lang='grc'><strong>4444</strong></span> <span class='ocrx_word' id='word_1_547' title='bbox 997 4973 1036 5039; x_wconf 91' lang='lat' dir='ltr'><strong>de</strong></span> <span class='ocrx_word' id='word_1_548' title='bbox 1059 4993 1115 5038; x_wconf 91' lang='lat' dir='ltr'><strong>suo</strong></span> <span class='ocrx_word' id='word_1_549' title='bbox 1136 4973 1283 5055; x_wconf 83' lang='lat' dir='ltr'><strong>exbibet.)</strong></span> <span class='ocrx_word' id='word_1_550' title='bbox 1297 5008 1338 5022; x_wconf 96' lang='lat'>-</span> <span class='ocrx_word' id='word_1_551' title='bbox 1359 4975 1400 5038; x_wconf 80' lang='grc'><strong>114</strong></span> <span class='ocrx_word' id='word_1_552' title='bbox 1421 4974 1495 5038; x_wconf 87' lang='lat' dir='ltr'><strong>locis</strong></span> <span class='ocrx_word' id='word_1_553' title='bbox 1517 4974 1617 5038; x_wconf 86' lang='lat' dir='ltr'><strong>citatis</strong></span> 
     </span>
    </p>
   </div>
   <div class='ocr_carea' id='block_1_7' title="bbox 0 0 1776 5550">
    <p class='ocr_par' dir='ltr' id='par_1_25' title="bbox 0 0 1776 5550">
     <span class='ocr_line' id='line_1_105' title="bbox 0 0 1776 5550; baseline 0 0"><span class='ocrx_word' id='word_1_554' title='bbox 0 0 1776 5550; x_wconf 95' lang='lat' dir='ltr'><strong> </strong></span> 
     </span>
    </p>
   </div>
  </div>
 </body>
</html>
