3542 5550
769 438 954 492 vadianto.
1542 446 1564 489 v

153 582 285 646 sincerae
307 582 465 647 terminos
485 581 618 664 protulit
638 589 669 646 et
688 581 787 645 nimis
805 581 867 646 late
884 587 992 665 patere
1012 580 1121 647 voluit.
1143 580 1245 656 Quod,
1266 580 1523 645 animadversum
1546 598 1565 643 a

156 705 362 782 Ruhnkenio,
380 707 425 773 ita
440 724 553 772 verum
567 706 749 771 etiamnunc
768 706 894 771 videtur
914 714 949 770 ut
968 706 1108 772 nesciam
1128 723 1168 771 an
1189 724 1229 770 ue
1247 705 1286 770 ad
1305 705 1473 770 interitum
1492 704 1565 787 qui-

152 829 227 894 dem
246 831 374 913 imperii
397 830 533 896 Romani
554 830 660 896 delabi
680 830 814 897 debeant
836 849 874 896 ea
896 832 1006 896 Lerica
1028 849 1101 914 quae
1121 832 1279 896 inaurea
1297 829 1399 893 atatis
1419 846 1566 894 sermone

152 954 338 1037 explicando
356 963 536 1022 versantur.
554 983 569 1013 »
590 955 679 1023 Idem
695 957 882 1023 Lexicovum
898 957 997 1022 finem
1015 975 1084 1022 esse
1104 956 1151 1021 ait
1169 985 1183 1012 ι
1200 962 1237 1020 ut
1249 955 1373 1038 prosint
1387 954 1426 1020 ad
1444 954 1566 1020 intelli-

153 1079 274 1160 gendos
291 1081 463 1162 scriptores
482 1094 510 1145 ct
529 1084 766 1161 comparandam
786 1083 877 1145 latim
894 1083 1045 1145 scabendi
1062 1084 1192 1162 coptam.
1211 1108 1225 1134 »

192 1204 241 1268 Ita
265 1206 442 1271 Germanos
464 1223 577 1271 ornnes
598 1207 728 1285 sentire,
752 1208 926 1273 ostendunt
940 1208 1051 1273 Lexica
1069 1223 1281 1291 quecumque
1300 1203 1351 1268 his
1367 1200 1566 1284 temporibus

154 1329 327 1411 composita
342 1330 500 1395 videmus.
522 1328 723 1412 Pracipuum
737 1330 844 1397 locum
859 1332 934 1414 jure
949 1330 1071 1396 obtinet
1084 1332 1122 1395 V.
1139 1330 1184 1394 ut.
1201 1328 1347 1395 lireund:
1364 1327 1456 1409 cujus
1473 1344 1564 1409 opus,

152 1451 311 1533 singulari
334 1452 428 1520 lauda
449 1471 654 1519 communem
674 1455 844 1521 materiam
869 1455 1036 1539 digerendi
1057 1461 1088 1520 et
1106 1454 1280 1519 verborum
1303 1452 1368 1516 vim
1390 1449 1566 1533 explicandi

153 1576 462 1655 commendandum,
489 1578 569 1644 adeo
597 1596 662 1643 nou
689 1579 849 1662 publicam
876 1580 1107 1662 supellectilem
1135 1576 1339 1661 amplificavit
1363 1580 1399 1642 ut
1423 1574 1567 1641 multaa

152 1700 315 1784 prioribus
330 1702 446 1767 tradita
461 1703 618 1785 respuerit
632 1709 663 1768 et
676 1704 901 1787 amputaverit.

193 1826 339 1893 Graviter
361 1828 503 1910 prolecto
526 1834 669 1910 peccaret
692 1829 764 1913 qni,
791 1834 937 1894 auctores
959 1829 1076 1894 latinos
1096 1828 1187 1893 nullo
1209 1827 1332 1893 delectu
1356 1827 1508 1902 imitatus,
1532 1826 1567 1889 in

152 1950 300 2015 eamdem
324 1952 502 2017 orationem
530 1959 561 2018 et
583 1953 742 2019 Ciceronis
766 1959 798 2018 et
819 1953 1010 2019 Tertulliani
1032 1952 1130 2019 verba
1154 1952 1327 2018 inferciret.
1355 1952 1436 2017 Num
1461 1957 1568 2016 antem

153 2075 264 2143 berica
277 2076 341 2142 tale
355 2077 476 2161 aliquid
492 2076 642 2143 suadenti
656 2078 731 2153 Quis
744 2097 781 2144 ea
798 2097 836 2144 ex
850 2079 963 2144 ordine
977 2078 1071 2161 legit,
1089 2083 1125 2143 ut
1138 2094 1228 2142 voces
1241 2082 1311 2142 turn
1328 2077 1455 2159 optimae
1471 2081 1566 2156 nota,

154 2208 223 2265 tum
237 2201 406 2267 deterioris
420 2202 479 2267 aevi
491 2204 648 2267 memoria
665 2221 724 2268 sua
737 2203 912 2269 recondat?
925 2203 990 2268 atsi
1007 2201 1196 2268 facillimum
1211 2207 1259 2266 est
1273 2198 1401 2264 vitanda
1416 2196 1570 2264 vocabula

154 2326 247 2392 obelo
268 2326 401 2393 velatio
421 2328 564 2412 quolibet
584 2328 675 2411 signo
703 2329 737 2394 in
764 2329 885 2395 Lexicis
909 2336 1043 2411 notare,
1072 2345 1114 2393 nc
1136 2326 1195 2391 hoc
1218 2326 1349 2409 quidem
1375 2321 1568 2388 adminiculo

154 2452 290 2518 lectores
312 2452 472 2536 indigent,
497 2474 600 2539 quum
620 2455 785 2536 scriptoris
801 2455 958 2539 cujusque
978 2460 1103 2519 aetatem
1123 2453 1244 2517 tirones
1266 2451 1362 2517 etiam
1383 2451 1566 2525 doceantur,

154 2584 199 2659 et,
223 2595 296 2659 quae
314 2577 378 2642 sint
397 2577 596 2656 aemulanda,
615 2596 685 2663 quae
703 2578 865 2660 fugienda,
880 2585 1084 2643 moneantur.

193 2701 293 2778 Ouid,
313 2702 400 2786 quod
420 2719 461 2768 ne
480 2702 650 2769 luculentis
666 2703 744 2787 ipsis
762 2702 897 2768 Cornicis
918 2702 1130 2787 parcendum,
1149 2708 1180 2767 et
1193 2701 1323 2767 Plautus
1337 2700 1568 2783 Terentiusqua

154 2846 172 2890 a
196 2827 319 2893 Lexicis
342 2829 483 2906 (netast)
507 2830 712 2909 excludendi,
737 2830 765 2894 si
788 2846 1001 2915 quacumque
1025 2847 1090 2895 nou
1116 2828 1270 2894 imitanda
1298 2829 1380 2904 sint,
1400 2846 1439 2893 ex
1467 2825 1568 2891 oculis

154 2950 266 3017 tollere
284 2951 462 3035 jubemurl
484 2955 584 3020 Nemo
603 2955 703 3031 enim,
723 2953 822 3020 latine
844 2954 1004 3031 scribens,
1025 2961 1152 3019 tantum
1176 2952 1237 3017 sibi
1256 2958 1372 3031 sumet,
1397 2957 1432 3016 ut
1454 2958 1486 3016 et
1506 2950 1568 3016 ob·

154 3076 253 3142 soleta
274 3075 316 3141 ab
332 3077 398 3146 illis
418 3078 547 3160 optimis
568 3080 669 3160 poetis
689 3083 877 3144 mutuetur:
903 3080 993 3162 cujus
1014 3081 1140 3159 generis
1164 3085 1259 3142 sunt:
1279 3079 1380 3140 altare
1394 3074 1568 3159 (singulari

154 3201 325 3281 numero),
346 3204 476 3280 tumulti,
494 3205 578 3283 acm,
599 3206 697 3279 daim,
713 3205 908 3280 arbitrarcm,
928 3197 1092 3284 apprcdira',
1112 3206 1268 3283 larqibcrc,
1287 3213 1430 3283 potestur,
1446 3212 1566 3280 potasse,

153 3327 301 3402 curastis,
325 3327 469 3401 adamam
491 3330 691 3406 promiscam,
710 3332 883 3407 protinam,
905 3332 1028 3405 simitu,
1052 3328 1269 3402 elevatum,
1295 3326 1419 3390 ratione
1441 3322 1568 3408 quidem
1662 3345 1666 3350 ’

153 3448 251 3526 duce,
274 3449 373 3513 nimis
393 3451 524 3534 antiqua
543 3450 744 3534 relmquent,
765 3452 882 3516 usitata
901 3451 962 3516 sibi
979 3451 1164 3518 adsciscent.
1183 3453 1214 3517 Si
1234 3452 1308 3536 quis
1325 3450 1498 3516 oratoriam
1513 3454 1569 3513 aut

153 3572 410 3653 philosophicam
426 3558 594 3639 materiam
613 3582 738 3657 tractat,
753 3581 796 3651 et,
816 3583 851 3640 ut
869 3593 953 3657 saepe
972 3577 1020 3658 tit,
1037 3574 1166 3659 aliquod
1188 3575 1321 3639 Lericon
1343 3575 1376 3638 in
1397 3571 1569 3636 consilium

152 3694 296 3776 advocat,
318 3697 489 3774 Ciceronis,
508 3698 614 3776 credo,
636 3706 667 3763 et
681 3698 868 3772 Quintiliani
883 3699 1034 3764 vocabula
1052 3700 1159 3782 eliget,
1180 3718 1238 3765 nec
1256 3718 1329 3765 curn
1351 3698 1448 3764 tloelio
1466 3699 1570 3762 Aure·

153 3820 251 3899 liano,
274 3820 410 3899 medico,
432 3822 515 3887 male
534 3822 631 3886 latine
650 3822 816 3905 loquente,
838 3842 909 3888 rem
930 3824 1069 3889 habebit.
1095 3828 1195 3899 Quem
1213 3826 1312 3907 igitur
1332 3825 1366 3888 in
1382 3801 1569 3888 Leaicorum

153 3963 213 4008 usu
239 3945 408 4028 scopulum
435 3946 639 4023 denuntiant,
665 3947 693 4012 is
718 3948 876 4031 eiusmodi
898 3956 947 4014 est
968 3956 1003 4013 nt
1026 3968 1123 4015 nemo
1144 3950 1177 4012 in
1202 3949 1289 4013 hunc
1310 3947 1373 4012 nisi
1397 3946 1508 4011 volens
1527 3945 1569 4009 li-

153 4068 298 4152 bensque
314 4069 476 4136 allidatur.

192 4195 382 4259 Iexioorum
399 4194 528 4261 hercule
544 4197 708 4279 provIncia
723 4203 771 4261 eat
787 4198 953 4262 universas
969 4204 1112 4263 veterum
1126 4197 1319 4280 scriptorum
1333 4197 1485 4262 dictiones
1502 4215 1570 4279 per·

154 4319 306 4394 scribere,
324 4319 458 4402 nequid
475 4320 593 4402 legenti
608 4322 812 4387 obversatum
830 4323 1094 4404 interpretatione
1107 4329 1229 4396 careat,
1244 4340 1308 4386 non
1323 4322 1514 4386 recentiores
1528 4320 1568 4384 ad

154 4440 373 4523 effingendam
387 4442 498 4524 optimi
514 4445 668 4527 cujusque
684 4445 794 4510 stilum
815 4446 986 4511 instruere.
1008 4447 1056 4512 lta
1073 4448 1235 4529 quondam
1250 4447 1349 4512 sensit
1361 4445 1563 4510 llorcellinns.

156 4591 169 4619 ι
191 4566 228 4629 In
249 4567 311 4631 hoo
328 4583 443 4649 opere,
465 4568 507 4631 ait
528 4567 747 4650 Cognatatus¹,
772 4569 812 4633 iis
833 4572 965 4654 quidem
984 4572 1167 4636 auctoribus
1185 4572 1291 4636 locum
1310 4571 1482 4654 aliquando
1500 4588 1570 4635 esse

155 4690 254 4756 voluit
277 4691 475 4756 Forcessinus
495 4693 550 4775 qui
571 4694 709 4759 terream
731 4712 767 4758 ac
787 4694 907 4760 luteam
928 4698 1024 4760 etiam
1047 4698 1153 4761 latina
1174 4698 1292 4779 linguae
1311 4703 1435 4761 etatem
1457 4695 1570 4776 attige-

153 4824 281 4880 runt...
308 4814 396 4898 quod
417 4815 588 4881 verborum
613 4818 844 4901 quorumdam,
869 4818 988 4901 quibus
1010 4828 1160 4898 utuntur,
1180 4821 1361 4904 explicatio,
1387 4820 1438 4882 sin
1460 4818 1569 4887 minus

184 5094 203 5139 t.
221 5088 252 5136 ln
269 5083 425 5135 Praelatione
437 5098 507 5135 nova
519 5085 635 5138 editionis
649 5087 730 5138 Lexici
743 5088 927 5139 Forcalliuiani.
