3542 5550
204 337 253 409 152
532 338 598 415 CLI

244 482 513 561 5515551555,
536 505 572 561 a,
595 504 668 564 um,
689 495 768 568 part.
793 487 925 551 0551511.

207 578 276 639 Ver.
294 583 323 651 8,
341 576 461 638 22151
478 574 620 638 laudibus
636 574 798 638 clarificato
815 575 926 638 illustri

202 665 267 726 viro
284 664 445 747 Cypriane.
475 664 544 729 Veri.
565 666 645 727 Fert.
671 671 705 738 7,
732 670 779 737 12,
802 671 850 727 56.
873 665 926 727 Li·

204 753 287 817 mina
303 754 483 817 muneribus
497 752 660 815 clarificata
674 753 752 816 suis.
774 808 777 815 ,
887 778 891 788 ·

242 852 424 917 CLASSEUS,
441 861 469 917 a,
482 839 620 922 um,adj.
638 839 684 901 lld
702 840 927 923 classemperti·

203 929 925 1013 5555055155.15ν.5,17.0151511511555115

202 1020 314 1081 nostris
335 1019 436 1082 subito
458 1019 608 1081 classeam
624 1019 732 1081 silvam
750 1019 925 1098 hominum,

201 1106 308 1172 domos
321 1108 480 1189 aquatiles.

240 1194 470 1270 5153515115,
486 1216 519 1274 5,
542 1196 605 1278 adj.
625 1195 682 1268 Qui
699 1195 799 1257 claudi
816 1207 923 1278 potest

201 1287 384 1349 6155515151
400 1286 599 1361 Fascemina,
614 1284 784 1347 clausibilis
802 1286 924 1350 vallatio

200 1374 281 1438 circa
299 1386 409 1441 castra.
425 1413 464 1425 -
484 1373 707 1440 Tantummodo
721 1377 802 1439 Notae
822 1379 921 1441 Tiroo.

200 1464 343 1527 citantur.

240 1554 487 1630 CLAUSTRdLIS,
503 1572 530 1628 5,
543 1553 606 1636 adj.
622 1553 667 1615 bd
679 1554 845 1617 claustrum
857 1574 926 1636 per-

199 1638 312 1702 115555.
335 1641 466 1705 Cassiod.
492 1644 561 1704 Ver.
590 1649 636 1715 ll,
666 1648 713 1702 11.
737 1640 923 1724 055(55115)

200 1727 267 1790 11551
277 1729 436 1791 munimen
448 1730 610 1792 claustrale
625 1729 767 1811 probetur
780 1748 847 1793 esse
857 1750 925 1811 pro

200 1816 316 1882 vinciae.
328 1818 443 1881 -Alio
458 1837 551 1881 sensu
569 1818 701 1880 dicimus
715 1820 871 1882 cluastral.

236 1907 443 1983 CLAUSURA,
463 1926 501 1983 ae,
525 1907 546 1968 1.
571 1907 657 1980 Quod
671 1906 801 1984 claudit,
814 1906 920 1988 janua.

203 1995 287 2074 Vulp.
301 1998 434 2071 Barueli,
451 2001 479 2072 6,
500 2002 548 2058 17.
566 1995 611 2057 115
629 2005 766 2057 tutantur
780 1995 923 2058 sacerdo·

199 2096 243 2146 tes
262 2086 339 2146 ostia
360 2084 525 2147 clausuris.
538 2119 579 2130 —
593 2083 651 2158 Qui
671 2084 789 2167 primus
812 2104 923 2149 sensus

199 2172 230 2234 in
246 2174 362 2235 baricis
377 2174 537 2236 omittitur.

238 2261 474 2340 6117111155,
507 2262 603 2339 5,1.
636 2261 797 2325 Clarorum
827 2263 921 2326 linea.

199 2355 300 2416 615551.
312 2354 427 2416 eonas
443 2372 492 2433 ap.
508 2310 622 2413 lldblll.
637 2372 668 2433 p.
683 2353 858 2417 16211555
871 2373 924 2415 55

199 2441 319 2503 roclava
335 2440 632 2523 clavaturaquadra.
647 2442 724 2504 ibid.
738 2440 860 2537 iterpm.
874 2442 921 2504 Cl.

78 2517 84 2533 ⁸
199 2533 290 2609 Caup.

239 2616 466 2696 0111191755,
482 2637 511 2696 5,
526 2638 591 2695 um,
607 2617 669 2703 adj.
687 2619 774 2682 Clave
788 2632 918 2683 notatus.

197 2708 363 2774 Frontiu.
356 2728 387 2771 1n
407 2710 611 2772 6555551551.
630 2728 662 2791 p.
686 2716 736 2771 11.
754 2707 812 2782 Qui
829 2710 923 2772 elavi-

198 2810 279 2861 catas
290 2798 438 2880 (arbores)
452 2807 558 2861 vocant
568 2817 647 2879 quas
661 2797 732 2859 finis
744 2799 921 2862 declarandi

197 2905 290 2948 eausa
307 2886 464 2951 denotant.
484 2886 585 2967 (Quod
600 2886 681 2950 idem
696 2888 852 2968 Simplicio
870 2889 923 2950 tri-

197 2974 264 3039 buit
278 2978 352 3039 Goes.
369 2997 400 3057 p.
417 2976 481 3058 80.)
734 3015 737 3024 ι

240 3060 455 3139 (1111161115,
477 3083 520 3138 5,
542 3064 565 3126 1.
589 3065 686 3128 Parva
708 3066 813 3130 clavis.
835 3071 918 3130 Hier.

199 3155 332 3232 11555511.
352 3156 479 3233 1155155,
500 3156 629 3216 Preoem.
654 3155 694 3236 (t.
719 3154 756 3229 11,
781 3176 811 3238 p.
832 3160 920 3239 523).

200 3241 280 3304 lieet
297 3242 426 3323 amplior
444 3261 507 3303 555
527 3241 620 3304 clavis
635 3242 675 3303 sit
688 3245 816 3326 grandis
829 3257 922 3327 portae

199 3328 332 3412 Spiritus
344 3329 484 3405 Sanetus,
498 3340 599 3392 tamen
615 3330 854 3414 unumquodque
870 3353 922 3396 eu·

197 3417 332 3482 bieulum
350 3419 491 3503 proprias
506 3419 598 3482 habet
611 3419 772 3482 claviculas
786 3440 869 3485 5555.
882 3458 922 3470 -

198 3506 242 3570 Ne
258 3506 333 3570 forte
347 3509 455 3571 credas
467 3507 617 3591 poeticum
630 3508 755 3571 verbum
769 3527 848 3584 esse,
859 3529 921 3571 555

198 3596 333 3677 exemplo
353 3596 443 3659 citato
461 3616 496 3658 ex
511 3598 651 3659 Ceratae.
667 3600 681 3675 ΙΙ
695 3596 866 3673 Translata
890 3610 922 3659 51

198 3682 329 3762 ridetur,
339 3702 442 3746 seusu.
458 3686 569 3763 115515.
584 3686 678 3747 Cestr.
693 3696 762 3748 5551.
773 3704 804 3767 5.
821 3692 850 3747 9.
868 3686 920 3747 Si-

198 3773 311 3835 militer
330 3773 476 3836 51555515
501 3774 665 3837 circinatur
690 3794 725 3837 er
746 3773 825 3836 linea
845 3775 921 3838 inte-

198 3861 278 3925 riore
291 3863 360 3925 valli
373 3875 402 3927 et
416 3874 526 3946 puncto
539 3864 646 3928 mediae
658 3874 804 3948 portae.—
814 3865 921 3927 Exstat

196 3950 304 4033 gallica
318 3972 373 4015 vox
389 3954 542 4030 cleoiculc,
560 3953 620 4016 alio
633 3972 735 4016 sensu.

235 4050 380 4117 GLEPTO,
392 4060 436 4116 55,
448 4059 511 4117 are,
523 4059 553 4104 5.
565 4041 667 4123 Clepo,
681 4041 775 4106 furor.
789 4046 921 4108 Pseudo·

194 4133 318 4194 155555.
343 4132 374 4196 15
398 4131 538 4211 Spicilep.
561 4132 681 4196 Soleem.
704 4141 726 4196 t.
745 4132 774 4207 Ι,
794 4153 826 4215 p.
850 4140 917 4196 196.

195 4218 254 4293 Qui
269 4220 398 4282 vitulum
411 4221 530 4303 cleptat.

235 4320 374 4386 11111160,
391 4308 430 4386 15,
445 4327 507 4385 ere,
527 4329 560 4372 n.
575 4308 714 4372 Clamare
729 4321 762 4372 51
779 4329 915 4376 anseres.

195 4399 309 4460 Phocea
322 4417 371 4479 55.
385 4399 457 4459 Mei.
475 4407 496 4458 t.
509 4398 560 4472 111,
575 4417 606 4479 p.
620 4400 920 4482 60055555555115-

195 4486 257 4549 eire
276 4487 321 4548 vel
345 4486 487 4567 elingere.
517 4489 630 4549 155555
657 4488 829 4552 11555555.
853 4492 916 4553 Lot.

196 4596 227 4658 p.
249 4568 473 4638 7615555515
494 4575 673 4656 (proprietas
694 4577 751 4658 est)
773 4576 916 4659 elingere.

193 4664 258 4745 (Ibi
282 4682 442 4746 perperam
463 4665 623 4742 cloppem
651 4664 766 4745 quod
755 4683 821 4746 pam
846 4685 915 4748 sup.

194 4752 395 4829 dictumest,
421 4763 449 4815 et
472 4752 541 4833 jure
567 4751 712 4834 quidem,
738 4753 776 4816 de
799 4758 916 4834 aquila.

195 4842 240 4906 Cl.
270 4844 371 4906 Germ.
401 4844 532 4907 Philam.
563 4843 793 4925 amelrengem
825 4864 916 4945 porro

196 4931 385 5013 5551115.)-
399 4932 526 4995 Anseris
543 4931 658 4995 elamor
669 4932 763 4995 variis
778 4932 915 4997 nomini-

1296 336 1385 411 COA

981 482 1039 546 bus
1058 483 1246 565 designatur.
1266 486 1341 547 Feat.
1365 483 1407 545 ait
1427 503 1496 547 eum
1519 487 1654 563 pinpirc,
1675 500 1702 546 et

981 574 1082 634 Carus.
1094 573 1225 634 Philone.
1245 579 1292 654 19,
1309 575 1484 651 precellere.
1503 571 1545 634 lle
1561 572 1702 633 elamori-

981 660 1039 723 bus
1064 659 1244 721 animalium
1267 661 1366 742 agitur
1393 658 1424 721 in
1448 663 1503 722 1115.
1527 661 1602 722 Bibl.
1625 660 1701 738 Imp.

981 767 1012 809 n.
1037 754 1135 823 76433
1156 747 1208 810 ubi
1227 747 1384 831 legimus:
1408 775 1422 802 ι
1444 750 1574 811 Anseres
1596 749 1704 831 gricire

981 837 1143 917 selingere.
1159 865 1173 893 a
1190 837 1277 910 Quod
1292 836 1421 900 emendo
1435 840 1480 900 uel
1494 840 1633 916 eliopcre.

1020 926 1158 1003 enirm,
1180 947 1212 991 n.
1230 926 1272 1009 pl.
1288 925 1422 989 Declivia
1441 927 1516 987 loca.
1537 929 1647 1005 Appen.
1670 925 1703 987 in

980 1017 1112 1079 Gromut.
1126 1029 1182 1079 oet.
1200 1037 1232 1099 p.
1249 1022 1299 1078 74.
1314 1015 1393 1078 Nam
1409 1028 1437 1077 et
1448 1016 1580 1077 locorum
1595 1016 1705 1078 elatio·

980 1124 1035 1167 nes
1049 1117 1078 1166 et
1091 1105 1180 1166 clivia
1191 1115 1220 1167 51
1229 1103 1359 1167 colliculi
1371 1103 1463 1165 finem
1476 1103 1600 1169 1551551.

1019 1190 1248 1270 6166171758,
1265 1213 1317 1266 55,
1339 1212 1381 1255 m.
1403 1194 1517 1254 Tbruuae
1533 1195 1613 1256 Ybes.
1630 1212 1702 1256 5555.

979 1284 1040 1344 Lat.
1059 1304 1089 1365 p.
1111 1290 1175 1346 150.
1198 1282 1374 1358 Clocitatus,
1389 1281 1468 1343 eorvi
1492 1301 1558 1343 vor.
1581 1281 1705 1357 (Malim

978 1375 1145 1434 5555115155.
1172 1370 1268 1432 Aliter
1291 1368 1373 1431 enim
1398 1373 1476 1432 cerui
1497 1369 1613 1433 clamor
1637 1389 1707 1434 5555

979 1460 1142 1537 videatur.)

1018 1544 1180 1623 61116110,
1206 1565 1256 1622 55,
1280 1565 1347 1622 555,
1369 1566 1400 1609 5.
1423 1545 1585 1609 Corsorum
1605 1547 1707 1609 instar

978 1637 1110 1700 clamare
1135 1636 1298 1718 (baumer).
1328 1638 1410 1698 duct.
1434 1636 1565 1697 Pleilom.
1589 1642 1640 1696 53.
1668 1636 1707 1698 Et

979 1726 1087 1788 barrus
1102 1726 1209 1799 barrit,
1222 1724 1301 1787 cervi
1314 1723 1465 1799 elocitant,
1479 1742 1574 1806 equus
1588 1722 1703 1787 hinnit.

1018 1826 1182 1891 CLOPPUS,
1203 1813 1266 1893 adj.
1288 1833 1331 1876 m.
1346 1812 1493 1874 Claudus.
1512 1813 1603 1874 61555.
1620 1814 1705 1876 Pleil.

978 1903 1120 1987 Cloppus‚
1143 1902 1303 1984 55115111.
1321 1903 1413 1981 Curtp.
1432 1937 1473 1948 -
1490 1901 1556 1965 Non
1575 1913 1708 1984 praeter·

978 1995 1126 2058 mittenda
1147 1996 1278 2058 1155551
1298 2014 1352 2057 vor
1367 2013 1435 2076 quae
1453 2004 1538 2056 vetus
1561 2006 1706 2057 nostrum

979 2084 1160 2163 adjectivum
1180 2087 1245 2165 clep
1258 2083 1393 2166 peperit,
1408 2092 1437 2145 et
1450 2101 1518 2164 quae
1532 2081 1706 2145 etiamnum

978 2186 1081 2237 manet
1097 2174 1129 2237 in
1151 2173 1254 2238 verbis
1274 2176 1421 2251 clopiuer,
1440 2174 1705 2254 alapia-clepone,

977 2264 1083 2343 551555.
1108 2328 1114 2343 ‚

1018 2352 1145 2429 CLt'JRA,
1158 2370 1193 2431 5,
1207 2350 1229 2414 1.
1241 2349 1344 2412 Simiae
1355 2368 1463 2430 genus.
1477 2351 1568 2412 Closs.
1580 2352 1704 2414 Philox.

978 2441 1088 2518 Clura,
1102 2441 1224 2514 πίθηκος.
1240 2440 1333 2501 Closs.
1354 2441 1444 2501 Velie.
1460 2448 1481 2500 t.
1498 2437 1565 2510 Vll,
1583 2459 1615 2519 p.
1631 2448 1705 2504 555.

978 2529 1114 2607 Cluram,
1129 2530 1252 2592 simiam
1265 2546 1334 2610 quae
1347 2547 1416 2590 cum
1430 2526 1528 2590 cauda
1540 2538 1596 2590 est.
1609 2530 1705 2593 61555.

980 2621 1094 2682 Plocid.
1118 2641 1148 2701 p.
1173 2625 1242 2680 451.
1270 2617 1394 2679 Claram
1417 2617 1462 2679 vel
1487 2615 1635 2693 Clurum,
1662 2620 1707 2681 si-

978 2707 1090 2786 miurn,
1111 2705 1361 2789 cercopithecum.
1385 2705 1476 2787 (Dele
1490 2709 1535 2768 551
1555 2709 1707 2787 clarum.)

978 2831 1018 2843 -
1030 2796 1163 2859 Paucula
1177 2794 1268 2858 habet
1282 2797 1417 2871 Foreell.,
1428 2794 1541 2879 quibus
1551 2816 1613 2858 nou
1628 2797 1706 2859 satis

979 2888 1117 2950 15555155
1132 2907 1186 2950 vox
1206 2888 1379 2950 necessaria
1393 2886 1534 2950 Plautino
1552 2887 1707 2969 adieetiro

978 2976 1132 3039 Clurious.

1017 3064 1283 3140 5555515555,
1302 3084 1335 3139 5,
1352 3084 1420 3140 nm,
1434 3062 1496 3146 adj.
1512 3064 1570 3137 Qui
1587 3075 1707 3128 5555151

977 3154 1124 3236 55155515.
1143 3156 1213 3218 vid.
1233 3157 1265 3218 in
1282 3175 1312 3218 v.
1328 3173 1576 3219 aaracmrrnus.

1017 3255 1209 3321 COACTRIX,
1233 3245 1309 3322 ieis,
1337 3245 1360 3307 1.
1391 3243 1463 3315 Quae
1488 3244 1578 3324 55511.
1607 3247 1705 3325 Fulp.

977 3335 1093 3396 Contio.
1119 3337 1198 3413 Virp.
1217 3355 1249 3416 p.
1269 3341 1338 3396 762.
1353 3331 1441 3396 Unde
1456 3344 1485 3395 et
1500 3332 1605 3415 Cajeta
1619 3333 1707 3398 dieta

978 3434 1034 3497 est,
1049 3423 1136 3504 quasi
1152 3423 1279 3486 coactrix
1293 3423 1402 3486 atatis.

1016 3523 1265 3590 COADMIXTUS,
1287 3532 1323 3587 5,
1350 3532 1420 3592 um,
1442 3524 1523 3595 part.
1549 3515 1628 3592 Aup.
1662 3518 1707 3579 lle

976 3604 1081 3664 llorib.
1100 3604 1233 3668 11551515.
1256 3622 1283 3665 c.
1306 3610 1354 3665 39.
1377 3602 1439 3663 Cur
1457 3602 1587 3664 nitorem
1610 3615 1707 3686 atquo

977 3689 1124 3771 fulgorem
1150 3692 1208 3754 olei
1231 3692 1363 3754 clamare
1391 3691 1509 3773 copiam
1534 3690 1705 3755 coadmixti

976 3777 1047 3840 boni
1062 3779 1267 3856 arbitramini,
1282 3791 1311 3842 et
1324 3778 1354 3840 id
1369 3780 1408 3842 ad
1423 3778 1619 3862 purgandum
1635 3778 1708 3843 155-

975 3887 1023 3931 ees
1038 3878 1067 3931 51
1081 3880 1215 3932 ventrem
1230 3866 1365 3951 paratis?
1380 3867 1489 3950 (Vulgo
1505 3880 1531 3930 et
1544 3871 1585 3930 eo
1598 3871 1660 3952 id.)

1014 3955 1280 4032 conopaeum,
1296 3956 1364 4022 adv.
1375 3958 1554 4039 AEqualiter.
1569 3959 1648 4022 lieet.
1664 3963 1706 4024 In

975 4046 1124 4123 Porphyr.
1141 4053 1171 4124 5,
1187 4066 1219 4128 p.
1235 4053 1302 4108 105.
1318 4045 1488 4107 Dimidium
1505 4044 1625 4127 ejus...
1642 4050 1708 4111 erit

974 4132 1163 4214 coaequaliter
1174 4133 1201 4196 ei
1216 4132 1398 4215 pluralitati,
1412 4146 1466 4197 ete.
1484 4133 1571 4197 adde
1590 4137 1703 4198 Tbom.

976 4241 1005 4302 p.
1023 4229 1092 4283 190.

1013 4309 1243 4383 6055111150,
1266 4310 1356 4388 5515,
1382 4310 1405 4373 1.
1431 4310 1584 4392 AEquatio.
1616 4314 1705 4380 Boet.

974 4402 1071 4463 Georn.
1088 4407 1114 4471 1,
1130 4420 1161 4482 5.
1178 4405 1264 4463 1519.
1276 4399 1333 4462 Per
1346 4401 1580 4482 coaequationem
1596 4401 1706 4485 majo-

974 4507 1042 4548 rum
1069 4497 1114 4548 551
1141 4488 1420 4570 multiplicandum.
1448 4491 1462 4568 ΙΙ
1490 4490 1706 4568 assimilatio,

972 4576 1169 4658 comparatio.
1196 4579 1418 4656 Pseudo-Cppr
1447 4582 1486 4641 De
1512 4579 1704 4658 Sinpolerie

975 4672 1092 4750 Clerie,
1106 4671 1187 4732 eirca
1204 4672 1283 4733 med
1298 4667 1357 4730 Sed
1375 4688 1432 4732 uos
1449 4682 1554 4732 contra
1573 4669 1611 4734 de
1624 4691 1708 4755 apo-

974 4759 1077 4820 stolica
1095 4756 1183 4820 nobis
1198 4760 1401 4859 coaequatiorie
1415 4757 1605 4826 blandimur.

1012 4858 1249 4925 5555555555,
1261 4847 1335 4923 aris,
1347 4847 1404 4924 ari,
1413 4846 1445 4910 d.
1456 4846 1601 4916 altercer.
1612 4850 1704 4918 Boea

972 4937 1531 5021 51515151.111555515.5551ι5’51.1,3,.5
1550 4944 1619 5002 731.
1636 4939 1706 5014 Qui
