3542 5550
745 354 933 412 PRAEFATIO.
1523 365 1558 409 111

143 499 320 582 religionis,
341 506 374 565 at
389 501 502 565 saltem
524 500 631 581 aliqua
646 498 788 563 historiae
806 517 883 565 curn
903 505 1033 579 tangere
1049 498 1170 563 debuit.
1187 499 1306 582 Ecquid
1323 500 1426 581 majus
1446 500 1479 563 in
1498 519 1557 582 po·

143 624 298 708 pulorum
323 623 494 689 annalibus
516 628 664 689 eventum
686 640 784 706 quam
804 622 986 687 christiane
1007 621 1082 687 fidei
1103 628 1213 706 ortus,
1233 624 1484 704 incrementum,
1508 625 1555 690 vi·

145 747 267 815 ctorial
288 752 401 814 Nonne
427 749 501 815 talia
519 748 601 815 lacta
619 752 803 823 narrantes,
827 746 923 810 telem
948 745 1127 811 doctrinam
1149 747 1373 829 predicantes,
1399 765 1418 811 a
1440 748 1559 813 Lericis
1683 819 1692 838 ,
1761 732 1763 789 ἶ

143 873 286 955 excludi,
308 872 446 937 monstri
467 873 570 939 instar
593 875 664 938 est?
691 872 797 946 Ouum
821 869 1037 953 Evangelium'
1053 871 1200 935 omnium
1223 871 1373 935 manibus
1396 878 1428 937 et
1451 873 1558 936 animo

144 997 340 1064 versandum
359 998 411 1074 sit,
430 1014 625 1081 quemquam
643 997 788 1079 Vulgatae
806 997 963 1061 versionis
985 995 1113 1078 pudeat,
1134 995 1174 1060 ab
1194 996 1388 1079 Hieronymo
1409 1014 1559 1078 magnam

144 1129 272 1209 partem
290 1122 490 1205 conscriptae!
506 1121 601 1203 Quid,
617 1122 703 1207 quod
717 1120 878 1187 immerito
894 1121 1082 1187 Sanctorum
1100 1121 1233 1186 Patrum
1250 1122 1362 1204 lingua
1375 1122 1410 1187 in
1429 1123 1560 1189 univer·

146 1265 222 1313 mm
244 1234 396 1315 taxatur?
417 1248 502 1312 Nova
524 1245 655 1331 quidem
673 1246 785 1328 religio
806 1244 928 1329 aliquot
951 1263 1043 1312 voces
1068 1243 1190 1328 tingere
1214 1245 1347 1325 debuit;
1372 1265 1452 1330 quas
1475 1249 1559 1330 ipsas

144 1361 272 1457 colligi,
301 1373 443 1438 historie
467 1378 498 1437 et
523 1371 731 1455 philosophiae
750 1372 893 1437 interest.
921 1371 983 1435 Sed
999 1369 1184 1454 diligentius
1204 1357 1379 1436 attendenti
1400 1371 1561 1458 pleraeque

147 1515 263 1565 eorum
286 1498 440 1563 dictiones
462 1496 503 1561 ad
526 1514 731 1563 communem
749 1494 900 1579 loquendi
921 1512 1018 1561 usum
1041 1495 1202 1577 pertinere
1224 1493 1438 1573 videbuntur;
1466 1497 1563 1563 itaut

147 1621 238 1686 naris
263 1621 472 1687 emunctioris
495 1620 619 1703 judices
644 1620 735 1685 nullo
758 1620 854 1687 modo
881 1619 1045 1687 affirmare
1070 1625 1188 1702 queant
1202 1619 1393 1687 vocabulum
1420 1620 1560 1704 aliquod,

147 1746 304 1813 hactonus
330 1745 492 1828 ignotum,
518 1745 719 1811 ecclesiastici
738 1744 901 1827 scriptoris
919 1749 1029 1813 notam
1047 1743 1209 1827 preferre.
1234 1744 1349 1810 Mirum
1374 1745 1515 1828 prolecto
1536 1748 1562 1812 si

149 1870 379 1954 Hieronymus,
398 1871 507 1939 home
520 1872 670 1936 alienato
683 1868 858 1935 liberaliter
875 1868 1054 1946 institutus,
1066 1868 1095 1933 si
1110 1868 1310 1945 Ambrosius,
1322 1868 1564 1938 Mediolanensis

150 1996 337 2079 episcopus,
360 1994 430 2061 ideo
452 1995 551 2061 latine
569 1994 656 2077 loqui
681 1993 906 2059 dedidicissent
925 1993 1011 2076 quod
1035 1992 1243 2058 christianam
1263 1993 1360 2058 tidem
1378 1995 1563 2059 tuerentur!

150 2120 220 2186 lmo
236 2119 346 2185 nullus
365 2119 484 2185 infitias
498 2119 558 2184 ibit
577 2119 734 2200 maiorem
748 2117 782 2182 in
804 2116 981 2183 senioribus
997 2118 1200 2183 ethnicorum
1217 2117 1425 2200 scriptoribus
1448 2119 1563 2183 barba-

151 2245 252 2322 riem,
280 2262 379 2328 quam
399 2245 433 2311 in
453 2243 599 2313 Ecclesiae
622 2241 817 2318 doctoribus,
841 2240 1062 2325 deprehendi:
1084 2241 1131 2307 illi
1151 2247 1259 2307 tamen
1281 2242 1422 2308 Romana
1444 2243 1567 2309 civitate

155 2370 225 2437 sine
247 2369 464 2437 controversis
490 2367 598 2433 donati
626 2372 712 2433 sunt.
735 2367 885 2433 Summos
907 2367 1091 2433 Latinorum
1117 2366 1281 2448 theologos
1304 2368 1336 2431 in
1358 2368 1478 2433 Lexicis
1500 2369 1566 2433 lere

153 2494 386 2577 praetermissos
402 2493 500 2560 luisse
517 2498 588 2559 tum
606 2493 746 2559 maxime
765 2510 865 2576 quum
880 2491 1023 2574 insignes
1042 2492 1159 2575 pietate
1175 2490 1234 2555 viri
1252 2490 1370 2572 lingue
1388 2491 1496 2556 latinae
1510 2510 1566 2556 su·

153 2618 344 2702 pellectilem
358 2619 444 2688 unde
456 2618 543 2684 unde
555 2616 757 2700 colligebant,
777 2617 897 2684 mirum
912 2615 1054 2699 quidem,
1074 2615 1207 2681 sednon
1226 2615 1304 2681 adeo
1318 2617 1524 2698 stupendum,
1540 2620 1568 2681 si

154 2743 193 2814 de
206 2744 407 2828 temporibus
421 2763 440 2811 a
454 2742 611 2810 memoria
626 2748 737 2809 nostra
756 2759 821 2808 non
839 2740 883 2810 ita
901 2740 1036 2806 remotis
1057 2741 1245 2823 cogitemus.

193 2867 416 2934 Recordamini
439 2868 544 2954 qualis
567 2868 710 2933 latinitas
737 2866 884 2935 statibus
907 2867 971 2932 illis
1001 2869 1118 2934 tradita
1143 2871 1334 2953 fueritque
1360 2871 1401 2936 ad
1427 2873 1567 2938 resusci-

154 2991 267 3055 tandas
282 2992 383 3057 bonas
398 2992 520 3058 litteras
535 3011 569 3058 se
589 2991 805 3074 accingebant.
830 2992 933 3065 Quam
952 2991 1036 3056 foeda
1053 2990 1199 3058 sordium
1218 2994 1364 3059 omniurn
1387 2979 1565 3077 proluvies!

154 3093 258 3192 Quam
274 3133 371 3194 grane
390 3116 494 3191 rirus,
516 3116 568 3182 vix
588 3134 732 3199 unquam
746 3105 916 3184 mu'nditiis
934 3116 1138 3215 pellendum!
1162 3117 1312 3184 Certatim
1335 3119 1435 3201 igitur
1455 3120 1569 3185 erudi-

154 3247 262 3308 torum
282 3240 425 3308 virorum
448 3240 564 3306 cohors
586 3241 627 3307 ad
643 3240 789 3306 classicos
810 3242 981 3324 scriptores
999 3241 1152 3323 confugit,
1173 3248 1258 3307 etex
1275 3241 1314 3305 iis
1331 3241 1567 3308 succumillum

156 3368 409 3450 sanguinemque
433 3366 654 3449 incorruptum
679 3366 800 3444 bausit,
823 3372 860 3432 ut
882 3367 973 3449 qussi
991 3366 1187 3435 lutulentum
1210 3385 1394 3433 sermonem
1416 3367 1569 3434 delassare

155 3498 274 3576 posset,
292 3497 323 3555 et
338 3508 451 3555 aurum
468 3509 486 3555 e
501 3499 640 3558 stercore
655 3509 779 3558 eruere.
795 3492 874 3558 Hinc
891 3498 937 3557 tot
950 3509 1047 3574 opera
1064 3492 1194 3556 eosdem
1212 3501 1344 3558 conatus
1365 3493 1523 3569 testantia,
1538 3501 1571 3558 et

156 3616 275 3699 ubique
299 3614 508 3680 barbarismis
531 3621 685 3699 tanquam
708 3616 864 3682 indictum
891 3616 1025 3684 bellum.
1049 3617 1137 3683 Tunc
1163 3617 1250 3682 enim
1278 3617 1376 3685 latine
1401 3617 1567 3697 docebant,

155 3738 255 3804 latine
268 3737 530 3838 dequacumque
553 3739 685 3805 scientia
702 3738 898 3818 scribebant,
918 3740 1016 3806 latine
1029 3750 1197 3825 apparatas
1217 3742 1377 3808 orationes
1396 3742 1569 3820 habebant,

155 3862 254 3928 latine
269 3863 324 3946 jus
344 3861 506 3939 dicebant,
527 3868 559 3927 et
574 3881 643 3930 rem
663 3882 755 3932 suam
772 3864 822 3948 agi
841 3864 1013 3931 credebant
1028 3866 1056 3930 si
1074 3866 1173 3931 latina
1187 3866 1298 3950 lingua
1316 3873 1454 3932 avetere
1467 3868 1568 3948 gloria

155 3987 355 4054 descisceret.
367 3988 431 4054 llac
448 3988 602 4053 laudabili
621 3989 789 4066 industria,
809 3987 944 4053 Romani
965 3990 1124 4055 sermonis
1142 3991 1307 4071 integritas
1322 3998 1509 4058 conservata
1527 3993 1565 4057 ad

156 4129 214 4174 nos
231 4111 388 4194 pervenit,
409 4117 440 4176 et
459 4113 610 4196 castigata
628 4121 774 4178 veterum
789 4115 918 4197 scripta,
941 4114 1075 4180 detersis
1096 4116 1277 4182 innumeris
1291 4117 1437 4196 maculis,
1454 4119 1567 4183 nitent.

155 4235 238 4310 Quid
258 4235 396 4300 referam
413 4240 460 4302 tot
474 4237 649 4304 emendate
670 4238 837 4306 latinitatis
855 4239 1012 4319 vindices,
1030 4241 1238 4306 Laurentium
1257 4241 1393 4320 Vallem,
1405 4243 1567 4319 Vossium,

156 4359 370 4435 Borrichium,
387 4359 570 4446 cellarium,
588 4363 757 4444 Ketelium,
777 4362 1134 4439 Nolleninmttluornm
1149 4365 1236 4432 velut
1247 4366 1370 4432 medica
1383 4384 1460 4433 cura
1472 4367 1568 4433 medii

157 4487 216 4552 tevi
237 4503 334 4554 omne
354 4486 441 4553 virus
458 4492 671 4554 monstratum
686 4494 717 4554 et
732 4495 904 4571 purgatum
919 4495 978 4556 est.

196 4609 286 4682 Quod
309 4609 371 4674 luit
391 4609 524 4675 eruditis
544 4612 635 4694 viris,
654 4611 759 4678 tribus
780 4613 898 4679 abhinc
913 4615 1048 4691 saeculis,
1066 4616 1278 4698 propositum,
1297 4616 1356 4682 hoc
1372 4617 1412 4683 ad
1427 4623 1570 4683 nostram

158 4750 261 4818 usque
282 4739 411 4800 etatem
432 4736 517 4818 apud
538 4736 658 4803 multos
685 4736 830 4814 invaluit,
858 4744 891 4805 et
915 4745 1109 4823 prepostero
1126 4741 1234 4808 latine
1256 4741 1374 4825 lingue
1393 4743 1571 4808 reverentia

158 4855 279 4921 obstitit
300 4875 366 4939 quo
385 4858 489 4923 minus
505 4861 691 4970 Legicorum
712 4879 792 4945 opus
808 4861 848 4928 ad
860 4864 1101 4946 perlectionem,
1121 4883 1219 4948 quam
1238 4884 1324 4931 nunc
1337 4865 1568 4944 desideramus,

158 4979 314 5046 tenderet.
333 4980 538 5049 Germaniam
562 4985 718 5061 videmus,
744 4991 872 5068 gentem
896 4990 945 5055 cui
962 4989 1087 5072 jamdiu
1108 4992 1251 5058 Romana
1269 4992 1449 5058 litteratura
1469 4990 1570 5073 pluri-
