3542 5550
1546 249 1634 369 137

443 296 519 370 lND

159 445 337 524 monens,
364 465 401 522 7,
428 465 502 525 um,
529 445 592 529 adj.
618 445 677 520 Qui
702 446 841 530 indagat.
939 445 1133 522 INDEVOTE,
1159 444 1227 508 adv.
1252 442 1433 527 irreligiose.
1455 446 1557 507 Antbr.
1581 446 1620 507 18

120 537 213 600 diost.
229 540 311 600 Pleu.
332 557 363 619 p.
387 542 457 598 471.
474 535 621 619 indagas,
637 555 667 612 7,
682 555 748 610 um,
768 556 842 620 par·
898 536 967 598 Luc.
987 543 1016 614 7,
1034 542 1063 599 9.
1079 534 1222 598 lndevole
1235 533 1399 597 Dominum
1414 533 1593 622 refutantes.

119 624 224 708 ticipia
244 636 331 701 sunt,
347 644 417 687 cum
430 635 464 685 ut
477 633 606 688 tantum.
621 623 842 706 —Corruptus
938 625 1140 700 INDEVOTIO,
1151 625 1232 701 unis,
1243 625 1263 687 f.
1275 623 1499 704 irreligiositas.
1510 626 1618 687 Alelen.

1220 298 1296 369 lND

121 715 224 792 locus,
250 717 282 777 in
302 733 363 796 quo
387 714 568 794 significatio
590 713 733 796 praecipui
759 695 842 777 veihi
897 715 976 776 Aoit.
998 716 1051 791 Ep.
1073 720 1122 776 st.
1140 712 1224 775 Nihil
1242 711 1427 776 indevotioni
1447 713 1517 795 pius
1538 711 1620 774 arbi·

120 822 182 867 uon
201 803 386 887 ambigenda
400 803 476 865 mihi
491 801 621 865 videtur.

160 888 451 968 18888887181118,
469 910 497 969 7,
520 890 581 971 adj.
597 890 656 964 Qui
671 890 768 975 decipi
782 911 843 954 non

120 991 231 1065 potest.
245 984 325 1044 Boot.
341 982 434 1044 117731.
455 983 524 1059 Top.
542 987 571 1057 5,
586 988 614 1054 3,
628 1001 662 1063 p.
681 989 750 1045 698.
766 981 844 1053 Quia

122 1072 160 1134 de
176 1083 328 1154 geometra
343 1090 404 1135 non
416 1070 587 1133 verificatur
600 1069 843 1154 indeceptibilem

120 1179 190 1223 esse
204 1161 243 1224 ab
255 1160 403 1223 oratione.

160 1244 387 1322 8787818888,
403 1267 433 1325 7,
448 1268 513 1326 um,
529 1246 592 1330 adj.
604 1248 672 1312 Non
684 1247 843 1312 deciduus.

120 1341 199 1403 Boot.
212 1341 304 1401 Arist.
321 1340 391 1418 Top.
408 1346 438 1415 6,
455 1345 484 1413 2,
499 1359 530 1422 p.
553 1345 623 1401 706.
641 1338 727 1401 Alius
745 1338 845 1419 (locus

121 1429 183 1511 est)
204 1427 231 1490 si
256 1428 424 1490 secuudum
448 1427 658 1509 metaphoram
682 1427 786 1489 dixit:
813 1438 846 1490 ut

120 1518 280 1582 scientiam
300 1516 515 1589 indeciduam,
539 1526 651 1579 terram
672 1527 773 1581 autem
788 1537 845 1580 nu·

120 1609 240 1671 tricem.

160 1695 365 1772 188781888,
388 1713 426 1771 a,
450 1713 521 1773 um,
544 1693 608 1778 adj.
632 1694 700 1758 Non
725 1693 846 1759 decisus

120 1785 453 1869 (711117371178177878).
473 1785 506 1849 S.
523 1786 608 1864 Grcp.
623 1787 678 1865 Ep.
698 1793 746 1862 12,
763 1793 793 1848 3.
809 1786 847 1847 Ει

120 1874 261 1939 indecisa
270 1876 348 1937 inter
358 1884 460 1956 partes
473 1874 622 1937 contentio
638 1876 844 1941 remansisset.

161 1962 459 2040 ntDELiBERhTUS,
477 1984 508 2042 a,
524 1984 588 2040 um,
609 1965 674 2049 adj.
688 1966 755 2028 Non
770 1964 846 2028 deli·

118 2055 247 2118 beratus
261 2054 673 2136 (3711.78177778777).08.787817.
690 2056 759 2118 Ver.
773 2062 801 2131 7,
814 2062 844 2119 8.

118 2144 206 2207 Nihil
225 2144 360 2207 subitum
380 2152 433 2206 aut
452 2144 685 2207 indeliberatum
702 2144 845 2228 jubemus

121 2235 254 2295 assumi.
271 2235 347 2296 ibid.
366 2238 421 2310 12,
440 2239 491 2294 22.
510 2232 567 2305 Qui
585 2243 631 2294 est
645 2232 845 2297 indeliberata

119 2322 272 2385 dicturus.

161 2408 399 2487 1888881718,
412 2408 492 2485 onis,
508 2409 531 2472 f.
547 2410 639 2474 8188.
655 2413 750 2490 epist.
766 2411 844 2485 Ἀζή-

120 2521 195 2577 μων,
211 2497 411 2572 indemnatio,
429 2496 628 2563 indemnitas.

161 2586 492 2663 18878083787788,
508 2607 538 2664 7,
554 2607 619 2665 um,
637 2587 696 2670 adj.
713 2588 778 2652 Non
793 2589 846 2654 de·

119 2689 321 2744 monstratus.
345 2681 423 2742 Boot.
447 2682 538 2743 Arist.
561 2681 648 2743 11887.
671 2700 723 2761 pr.
748 2688 783 2754 2,
815 2690 841 2759 1,

117 2792 152 2854 p.
175 2778 245 2834 502.
266 2767 511 2833 indemonstrata
532 2770 707 2854 propositio.
730 2770 843 2835 iterum

116 2860 194 2921 ibid.

159 2943 501 3023 mnsuurtetntrsn,
515 2948 584 3013 adv.
597 2948 842 3013 immutabiliter.

117 3036 236 3099 Ennod.
261 3038 318 3115 Ep.
345 3043 381 3112 o,
408 3043 453 3100 10.
482 3038 545 3119 Ego
568 3046 601 3099 ut
621 3037 707 3101 tarde
731 3041 844 3101 amicos

117 3125 210 3208 71138,
226 3127 270 3189 ita
287 3126 319 3187 in
336 3126 386 3188 his
402 3125 660 3191 indemutabiliter
676 3146 842 3210 persevero.

159 3211 480 3295 1888711888ΪΒῘ818,
499 3235 532 3293 7,
551 3215 614 3299 adj.
635 3216 844 3300 Indeprehen-

119 3303 232 3368 sibilis.
248 3309 343 3368 Inter.
366 3308 441 3369 Orel.
463 3317 483 3369 t.
500 3306 526 3383 1,
541 3326 572 3389 p.
590 3312 659 3371 342.
678 3306 844 3389 indepren-

118 3393 217 3457 sivilis
235 3393 302 3475 (178)
317 3394 372 3457 Dei
389 3394 541 3459 sacerdos.

159 3482 384 3562 1887818888,
399 3485 449 3562 tis,
461 3484 522 3567 adj.
534 3484 715 3548 Continuus.
726 3487 838 3550 Eueod.

117 3576 176 3654 Ep.
194 3584 225 3654 5,
239 3581 289 3638 2l.
307 3574 518 3637 indesinentes
533 3593 589 3656 pro
602 3574 687 3637 vobis
699 3573 846 3639 (1877177-

118 3662 236 3726 cubias.
251 3664 297 3725 id.
315 3664 367 3726 Vit.
381 3665 416 3725 B.
428 3666 538 3744 Epiph.
554 3684 584 3746 p.
600 3670 668 3726 398.
684 3664 741 3726 Ubi
752 3666 844 3727 cami·

118 3751 170 3813 nis
188 3749 435 3814 indesinentibus
453 3752 524 3815 fidei
544 3770 621 3834 pyra
639 3752 842 3818 succenditur.

158 3838 447 3917 neumnensium,
463 3840 527 3923 adj.
542 3841 563 3901 t.
580 3840 722 3922 Innupta.
738 3845 841 3909 Amor.

118 3930 158 3991 Irt
178 3931 246 3993 Luc.
271 3936 308 4007 2,
339 3936 365 3992 1.
389 3930 519 3993 Causam
548 3939 648 3992 autem
677 3931 843 3996 mentiendi

119 4016 340 4100 indesponsata
353 4016 484 4095 hebuit,
505 4018 689 4101 desponsata
704 4037 765 4080 non
783 4018 843 4080 ha·

119 4108 196 4171 buit.

159 4192 472 4277 INDETERMiNhl'E,
502 4195 570 4259 adv.
599 4193 665 4259 Non
695 4196 842 4259 determi-

119 4297 190 4349 nate
208 4286 299 4370 (3711.
323 4286 625 4364 indetermirthnent).
648 4287 726 4349 Boet.
750 4287 839 4349 Arist.

120 4378 238 4440 Erant.
259 4377 383 4456 sophin.
401 4381 431 4452 8,
449 4382 478 4450 3,
497 4395 528 4456 p.
547 4381 616 4439 727.
636 4373 777 4437 Ponendo
791 4387 843 4438 aut

119 4463 309 4547 probabilem
332 4472 384 4525 aut
408 4462 639 4547 improbabilem
660 4463 841 4544 positionem

119 4552 208 4634 (lorte
235 4551 505 4636 propositionem),
534 4562 563 4615 et
589 4563 641 4615 aut
665 4553 842 4635 simpliciter

118 4642 321 4725 probabilem,
342 4650 394 4704 aut
413 4639 657 4723 improbabilem,
680 4652 731 4704 aut
752 4642 840 4708 inde-

119 4732 292 4808 terminate,
309 4740 366 4794 etc.

159 4814 454 4901 8188νὸ81888,
475 4837 508 4899 7,
533 4818 595 4900 adj.
622 4819 679 4894 Qui
703 4820 840 4885 devorari

120 4926 180 4971 non
190 4918 301 4993 potest.
318 4906 393 4972 Vid.
408 4925 623 4973 nuronustcrs.

898 813 954 881 ter,
974 803 1051 865 nihil
1072 803 1199 885 imputet
1215 802 1361 864 tarditati.
1383 802 1532 874 -Quem
1551 821 1619 865 sen·

900 914 968 958 sum
983 895 1021 958 de
1038 915 1122 958 more
1135 895 1278 958 omittunt
1289 894 1408 957 Lerica.

937 985 1150 1065 1178870788,
1178 1005 1212 1060 7,
1234 1003 1305 1059 um,
1328 983 1391 1066 adj.
1413 984 1616 1066 irreligiosus.

898 1075 999 1138 Ambr.
1012 1076 1129 1137 18188.
1148 1082 1175 1150 7,
1189 1082 1219 1136 9.
1234 1072 1363 1135 Devotus
1376 1073 1557 1149 admittitur,
1572 1073 1620 1134 in·

900 1163 1024 1225 devotus
1041 1161 1222 1226 excluditur.
1244 1165 1322 1224 1877.
1338 1161 1382 1222 Ex
1401 1160 1549 1224 indevotis
1564 1160 1620 1224 de·

900 1264 981 1313 votos
1003 1250 1135 1314 fecisset.
1157 1252 1263 1312 Alcim.
1286 1252 1363 1313 Aoit.
1385 1251 1442 1328 Ep.
1465 1250 1620 1313 3711187

899 1358 1019 1421 quoque
1033 1341 1130 1402 iacere
1146 1340 1265 1402 studeat
1282 1338 1449 1400 indevotos.

939 1427 1149 1506 1881888811,
1161 1431 1183 1505 i,
1197 1449 1229 1493 n.
1244 1429 1411 1493 indiculus.
1423 1430 1530 1493 Alcim.
1541 1431 1618 1492 11871.

899 1520 953 1597 Ep.
978 1526 1028 1583 28.
1047 1519 1191 1592 Quaedam
1214 1518 1420 1600 responsionis
1440 1529 1550 1580 nostrae
1573 1519 1621 1579 in-

900 1607 1010 1670 dicula.
1028 1645 1067 1656 -
1082 1608 1166 1682 Quod
1183 1607 1318 1670 nominis
1333 1626 1429 1687 genus
1448 1608 1532 1670 nullo
1546 1609 1623 1671 satis

901 1709 979 1760 certo
994 1699 1128 1780 exemplo
1142 1699 1302 1761 coinfirmat
1311 1699 1431 1759 Eorcell.

940 1786 1167 1863 1881888788,
1185 1805 1217 1863 7,
1234 1805 1303 1864 um,
1324 1785 1386 1866 adj.
1402 1784 1622 1867 indigestibilis

901 1875 990 1959 (gall.
1016 1878 1183 1958 indiperte).
1209 1879 1285 1941 Boot.
1310 1878 1399 1937 Arist.
1426 1877 1497 1956 Top.
1523 1882 1560 1951 6,
1586 1884 1620 1955 2,

900 1986 932 2048 p.
952 1974 1020 2029 707.
1034 1966 1072 2028 Ut
1086 1977 1132 2028 est
1145 1965 1328 2048 phlegmatis
1344 1963 1504 2041 terminus,
1520 1962 1622 2024 humi·

901 2056 975 2119 dum
995 2056 1130 2139 primurn
1153 2077 1171 2118 a
1192 2056 1275 2131 cibo,
1295 2054 1502 2138 indigestum3
1525 2073 1620 2116 uuum

901 2145 983 2208 enim
999 2147 1152 2229 primurn,
1179 2165 1240 2207 non
1261 2145 1374 2221 multa,
1397 2162 1492 2225 quare
1512 2162 1621 2225 super-

900 2235 997 2297 fluum
1014 2236 1202 2317 indigestum
1216 2234 1399 2316 appositum.

939 2324 1166 2401 luniensem,
1187 2344 1238 2400 us,
1259 2342 1301 2386 m.
1322 2321 1500 2404 indigestio.
1522 2324 1620 2386 Solent.

898 2417 970 2478 788,
989 2414 1027 2475 ad
1046 2415 1109 2476 Sat.
1128 2421 1159 2493 1,
1176 2421 1226 2475 67.
1250 2411 1336 2473 Escis
1351 2410 1460 2473 futuris
1475 2412 1622 2475 stomachi

901 2502 1087 2583 indigestum
1102 2520 1223 2583 parare.

939 2588 1131 2666 1108181778,
1145 2591 1216 2667 atis,
1229 2589 1252 2653 i.
1267 2588 1451 2676 indigentia.
1470 2590 1622 2656 Oeomcst.

900 2682 952 2743 let.
971 2701 1019 2760 pr.
1034 2679 1196 2761 1871737177,
1211 2679 1308 2740 ἔνδεια.
1325 2678 1386 2759 (Sic
1399 2678 1480 2741 enim
1492 2679 1620 2762 corrigo,

900 2792 996 2854 quum
1013 2770 1053 2833 sit
1066 2775 1187 2851 iupiter,
1203 2769 1343 2833 barbare.
1358 2767 1535 2852 Comparari
1549 2791 1621 2854 pos·

901 2872 973 2924 sunt
981 2862 1170 2939 proclipcrttio
1183 2870 1212 2921 et
1221 2858 1413 2939 prodipites.)

939 2949 1138 3023 lNDiRECTt't,
1156 2949 1224 3011 adv.
1241 2947 1306 3011 Nou
1317 2946 1440 3010 directo.
1462 2948 1620 3014 Venibit.

902 3048 931 3116 5,
953 3047 981 3117 1,
1007 3042 1064 3119 Ep.
1089 3042 1129 3102 ed
1150 3038 1259 3116 Spupr.
1277 3037 1366 3113 Quia,
1383 3036 1439 3099 etsi
1463 3035 1621 3117 indirecte,

900 3128 1036 3212 pervenit
1050 3127 1203 3210 (epistola)
1218 3125 1255 3188 ad
1273 3124 1447 3189 terminum.

939 3217 1149 3292 mutemus,
1173 3216 1241 3277 adv.
1264 3213 1531 3277 lndissolubiliter.
1552 3217 1622 3279 Ces·

899 3307 1239 3379 recnuntiatpatrnt,
1255 3309 1301 3365 111.
1315 3303 1346 3368 Si
1356 3303 1425 3385 quis
1433 3303 1621 3387 jejuniorum

902 3395 1032 3476 rigidam
1059 3392 1282 3457 observantiam
1311 3391 1465 3475 indirupte
1494 3394 1622 3457 voluerit

901 3497 1060 3549 retentare.
1079 3486 1126 3547 ib.
1147 3491 1177 3558 2,
1199 3488 1248 3543 25.
1269 3480 1425 3552 Quomodo
1442 3481 1492 3544 hic
1511 3482 1620 3546 modus

901 3595 918 3638 a
934 3574 1023 3637 nobis
1038 3572 1193 3654 indirupte
1207 3571 1317 3633 valebit
1331 3571 1499 3634 custodiri?

938 3664 1151 3727 submersus
1164 3661 1210 3723 vel
1225 3671 1475 3738 1888887788,
1499 3681 1533 3738 7,
1553 3681 1618 3739 um,

900 3752 961 3835 adj.
985 3753 1050 3816 Non
1071 3752 1226 3832 diruptus.
1250 3751 1384 3814 Cassian.
1409 3753 1513 3814 Collet.
1533 3753 1619 3815 Patr.

903 3849 950 3917 16,
970 3847 999 3906 3.
1019 3843 1054 3903 18
1070 3840 1120 3903 his
1141 3850 1260 3902 tantum
1283 3840 1440 3923 indirupta
1457 3851 1554 3922 potest
1571 3841 1619 3904 di-

900 3931 997 3993 leetio.
1014 3932 1058 3994 ib.
1076 3938 1106 4006 2,
1124 3937 1173 3990 22.
1187 3928 1363 4011 indisrupta
1375 3930 1483 3993 valebit
1493 3929 1621 4013 jugitate

900 4039 1031 4083 servare.
1052 4021 1085 4084 S.
1105 4022 1193 4099 Eulp.
1210 4021 1256 4081 Ad
1272 4017 1396 4082 1188781.
1417 4028 1446 4095 2,
1463 4026 1493 4082 9.
1514 4018 1622 4081 Chari-

899 4109 970 4174 tatis
992 4109 1094 4171 unitas
1114 4109 1288 4189 indisrupta
1306 4119 1451 4173 servetur.
1471 4112 1618 4174 Aldltelnt.

900 4219 949 4282 ap.
967 4202 1039 4262 7787.
1057 4208 1078 4260 ι.
1094 4198 1131 4274 V,
1152 4217 1182 4279 p.
1201 4205 1269 4262 563.
1286 4198 1446 4280 indirupta
1464 4209 1493 4261 et
1513 4199 1620 4261 incon·

899 4288 984 4351 vulsa
1010 4286 1164 4350 firmitatis
1189 4305 1317 4349 censura
1341 4306 1462 4369 semper
1488 4286 1616 4350 acuitur.

896 4380 1014 4440 Aleuin.
1030 4397 1060 4459 p.
1085 4384 1170 4440 1111.
1186 4375 1369 4457 indisruptae
1385 4378 1480 4457 pacis.

937 4460 1251 4544 18888777111187,
1268 4464 1335 4526 adr.
1353 4463 1617 4528 sinedifferentie.

897 4554 975 4616 Boet.
991 4555 1120 4615 Arithm.
1136 4562 1166 4629 2,
1183 4559 1233 4628 38,
1249 4574 1279 4635 p.
1299 4560 1387 4615 1351.
1405 4551 1489 4615 Idem
1502 4553 1535 4613 in
1550 4551 1619 4613 infi-

897 4642 997 4704 nitum
1026 4642 1123 4706 lacere
1151 4642 1265 4720 libeat,
1294 4643 1538 4725 indiscrepanter
1567 4643 1618 4705 in-

896 4732 1001 4793 currit.

936 4821 1168 4898 INDISGRE'TIO,
1182 4822 1261 4898 onis,
1274 4820 1295 4882 f.
1309 4820 1521 4904 Imprudentia
1536 4821 1618 4904 (3711.

897 4910 1112 4990 indiscretim).
1125 4913 1224 4991 08778.
1236 4912 1346 4974 toton.
1360 4918 1390 4990 2,
1402 4917 1451 4976 36.
1464 4911 1530 4976 Heu
1542 4911 1549 4975 !
1562 4911 1620 4974 du·
