3542 5550
216 406 239 450 11
828 392 1014 449 cauterio.

213 512 369 615 includat,
384 538 424 602 ab
444 556 480 604 eo
501 537 612 604 saltem
630 554 743 601 omnes
758 537 900 618 ejusdem
922 537 1023 602 atatis
1041 543 1185 605 auctores
1202 540 1272 622 pari
1290 542 1365 624 jure
1384 542 1481 625 accipi
1497 559 1627 627 aequum

213 671 272 741 est,
292 669 323 730 et
339 664 439 729 semel
458 662 615 729 admissos
635 662 744 727 omnia
762 661 916 727 vocabula
930 680 988 726 sua
1003 662 1037 726 in
1052 681 1256 730 communem
1270 666 1456 732 thesaurum
1470 667 1625 733 conterre.

212 788 300 864 Quod
316 788 352 853 fit
368 787 470 853 multo
482 805 591 853 secus:
608 787 831 870 lexicographi
844 787 944 864 enim,
957 787 1107 869 neglectis
1121 788 1232 853 multis
1245 790 1302 874 qui
1318 796 1432 875 quarto
1446 790 1496 855 rel
1513 791 1625 875 quinto

209 897 326 980 seculo
342 913 498 997 scripsere
513 911 742 994 (Ambrosium,
757 912 942 995 casalium,
960 913 1158 989 Cassianum,
1173 913 1206 978 S.
1221 913 1437 999 dulgentiam,
1452 915 1624 999 Hilarium,

211 1040 358 1123 aptatam
364 1041 386 1117 ¹,
402 1039 564 1103 Zenonem
577 1038 795 1102 veronensem
811 1037 943 1103 laudare
957 1038 1035 1102 satis
1050 1038 1117 1118 sit),
1129 1037 1169 1101 ad
1181 1056 1236 1102 eos
1249 1038 1444 1105 delabuntur
1458 1040 1514 1125 qui
1528 1046 1623 1105 sertae

208 1166 260 1229 vel
282 1164 424 1247 septimae
443 1162 543 1227 etatis
563 1166 654 1238 suut,
678 1162 815 1244 exempli
833 1162 936 1242 gratia
950 1160 1168 1244 Aldhelmum,
1184 1164 1361 1242 Aratorem,
1384 1163 1622 1242 Cassiodorum,

208 1290 398 1373 Corippum‚
429 1287 646 1364 domandam,
672 1287 864 1353 venantium
894 1289 1113 1383 Fortunatpm,
1152 1291 1188 1352 ut
1210 1287 1437 1371 Supplsmenta
1460 1289 1621 1371 Plautina,

207 1414 368 1480 AEmiliurn
394 1415 550 1493 Macrum,
576 1412 786 1493 Calpurnium
809 1412 969 1487 Pisonem,
995 1413 1160 1477 Messalam
1182 1413 1374 1495 Corvinum,
1395 1414 1540 1479 Porcium
1565 1414 1622 1479 La·

205 1548 351 1619 tronem,
371 1537 550 1603 iohannem
575 1535 843 1601 sarisberiensem
866 1535 990 1600 sileam.
1012 1536 1073 1600 Nec
1093 1555 1159 1600 non
1179 1538 1419 1621 quorumdam,
1443 1538 1497 1622 qui
1518 1555 1621 1625 arces·

205 1671 336 1741 suntur,
360 1662 496 1746 paucula
517 1661 615 1726 verba
637 1661 842 1744 producunt:
872 1661 965 1743 cujus
989 1660 1118 1726 numeri
1133 1666 1209 1727 sunt
1230 1661 1378 1727 Boethius
1386 1664 1408 1738 ⁹,
1430 1661 1619 1746 Cyprianus,

204 1788 413 1872 Augustinus,
426 1788 653 1871 Hieronymus,
666 1785 842 1867 linnodius,
854 1791 885 1851 at
895 1787 1002 1850 omnis
1016 1786 1298 1867 grammaticorum
1311 1785 1439 1852 chorus.
1455 1787 1519 1852 Hoc
1529 1787 1619 1864 vidit,

203 1913 355 1997 adquam
373 1912 512 1978 maxime
529 1910 696 1996 pertinuit,
712 1908 915 1975 doctissimus
929 1909 1071 1992 Angelus
1087 1911 1199 1989 Maius,
1219 1915 1249 1975 et
1271 1910 1311 1975 de
1331 1911 1393 1976 ista
1409 1912 1619 1977 inconstantia

203 2056 276 2103 cum
293 2055 411 2122 magna
431 2037 615 2102 auctoritate
636 2039 828 2117 conquestus
851 2039 911 2099 est.
935 2035 1052 2100 Locum
1070 2034 1249 2100 exscribere
1273 2036 1413 2118 pretium
1435 2039 1494 2115 est,
1515 2033 1617 2117 quiin

202 2163 390 2241 Scriptorum
402 2172 537 2225 usurum
549 2178 629 2222 uoco
643 2159 824 2237 estuatione,
839 2163 862 2223 t.
876 2157 933 2236 ΙΙΙ,
946 2158 1039 2223 Praei.
1058 2178 1089 2243 p.
1105 2180 1203 2239 xvim,
1220 2161 1356 2244 legitur:

245 2288 381 2369 «Atque
408 2304 446 2350 ex
469 2284 559 2351 brevi
582 2283 642 2349 hoc
668 2282 842 2366 specimine
863 2284 958 2363 satis,
988 2283 1101 2366 credo,
1127 2286 1163 2350 iit
1184 2287 1291 2368 palam
1313 2304 1411 2369 quam
1434 2286 1618 2370 imperfecta

200 2413 306 2477 adbuc
318 2410 430 2475 berica
444 2409 519 2487 sint,
531 2413 715 2493 quantaque
728 2425 804 2489 pars
817 2407 983 2473 latinitatis
1001 2409 1035 2472 in
1050 2411 1275 2493 manuscriptis
1289 2409 1446 2492 editisque
1459 2409 1554 2474 libris
1567 2410 1617 2475 rel

198 2538 294 2631 lateat
307 2536 357 2607 vei
372 2534 517 2605 nondum
536 2534 702 2603 observata
719 2533 830 2615 luerit,
852 2540 921 2601 tum
937 2535 1035 2600 etiam
1049 2553 1145 2619 quam
1160 2536 1376 2601 inconstanter
1389 2533 1615 2617 Lexicographi

200 2660 233 2725 in
250 2658 455 2745 excerpendis
470 2658 651 2725 auctoribus
669 2659 784 2723 versati
806 2659 881 2726 sint.
897 2660 934 2723 lit
949 2659 1018 2742 J‘am
1032 2661 1125 2725 mitto
1144 2660 1297 2743 Gangium
1317 2668 1348 2726 et
1360 2660 1615 2743 Carpentarium,

199 2787 255 2872 qui
276 2803 400 2852 meram
422 2787 490 2862 iere
508 2785 692 2854 barbariem
715 2783 870 2867 peculiari
893 2784 1037 2851 instituto
1061 2802 1120 2850 suo
1142 2792 1329 2852 conservant
1349 2806 1356 2851 :
1381 2804 1452 2865 cur,
1477 2786 1615 2869 exempli

199 2911 319 2994 gratia,
352 2910 636 2993 prestantissimae
664 2907 859 2972 Horcellinus
887 2907 988 2972 utitur
1013 2908 1228 2996 Hieronymo,
1260 2912 1454 2995 Augustino,
1480 2911 1615 2980 Paulino

95 3030 101 3041 '
198 3037 331 3114 Nolano,
346 3035 543 3116 cassiodoro,
563 3032 703 3118 Baedrio,
728 3032 889 3111 Ennodio,
911 3033 1055 3118 ipsisque
1075 3033 1254 3113 Aldhelmo,
1270 3034 1402 3100 Paulino
1424 3035 1614 3112 Petrocorio,

198 3162 356 3232 venantio
376 3162 546 3230 Fortunato
564 3159 714 3240 aliisque;
739 3158 874 3240 negligit
895 3165 1004 3223 autem
1018 3160 1180 3225 Zenonem
1200 3159 1432 3242 Veronensem,
1456 3157 1614 3224 Hilarium

198 3288 434 3361 Pictavensem,
451 3285 657 3358 Ambrosium
679 3281 966 3362 Mediolanensem,
985 3284 1167 3350 Luciferum
1187 3284 1422 3358 calaritanum,
1437 3265 1544 3367 qu'arti
1559 3300 1616 3345 εω-

197 3410 263 3477 culi
281 3411 448 3482 hominesl
466 3409 528 3475 Cur
547 3409 624 3476 item
637 3409 757 3476 missos
773 3406 846 3472 lacit
860 3405 1021 3471 Romanos
1035 3409 1201 3491 pontifices
1217 3411 1390 3500 Damasum
1404 3425 1440 3472 ac
1454 3408 1614 3471 monem?

198 3536 261 3601 Gur
279 3534 452 3602 Maximum
464 3534 708 3608 laminensem,
724 3531 880 3597 Hulinum
894 3531 1082 3613 Hieronymi
1095 3539 1303 3608 coetaneum,
1320 3532 1525 3612 Prosperum,
1537 3529 1613 3594 Gas-

198 3660 326 3726 siauum
340 3657 484 3739 aliosque
497 3656 625 3740 pluresl
634 3655 697 3720 Gur
711 3654 850 3739 denique
858 3654 1013 3722 Victorini
1028 3656 1130 3720 nostri
1143 3656 1260 3737 scripto
1275 3672 1340 3719 uno
1360 3655 1475 3741 utitur,
1495 3655 1614 3720 omittit

198 3784 391 3852 alterumt»

238 3908 308 3972 Non
328 3905 441 3987 ignoro
464 3902 584 3968 multos
602 3921 672 3968 esse
692 3903 749 3987 qui
770 3903 873 3968 omitti
896 3902 1144 3968 christianorum
1161 3905 1327 3968 auctomm
1347 3901 1501 3968 vocabula
1520 3903 1613 3969 tacite

198 4029 377 4113 patiantur,
405 4028 471 4094 imo
500 4026 591 4092 valde
616 4026 763 4110 probent.
791 4025 917 4091 Scilicet
943 4027 1090 4108 egregias
1117 4025 1283 4108 religionis
1308 4031 1425 4092 nostrae
1454 4025 1612 4092 antistites

198 4153 306 4217 latinis
320 4151 528 4233 scriptoribus
536 4152 589 4215 vix
603 4149 862 4216 adnumerandos
878 4157 1027 4215 censent:
1042 4150 1161 4234 quibus
1175 4168 1272 4216 aurea
1286 4155 1317 4216 et
1330 4156 1480 4234 argentea
1493 4151 1611 4234 linguae

196 4278 304 4346 latinae
322 4281 399 4341 astas
416 4276 509 4343 unice
528 4276 561 4339 in
582 4276 682 4341 oculis
699 4282 765 4362 est,
780 4281 811 4344 et
828 4276 989 4340 insincera
1004 4276 1106 4342 oratio
1123 4274 1287 4341 fastidium
1302 4282 1410 4343 movet
1426 4276 1610 4343 Tullianam

197 4409 230 4470 et
248 4401 459 4484 virgilianam
479 4399 669 4482 elegantiam
689 4398 940 4484 requirentibus.
963 4400 1027 4483 ligo
1041 4418 1117 4466 vero
1134 4401 1178 4467 ita
1193 4403 1330 4486 sentire,
1343 4420 1409 4467 non
1432 4401 1502 4467 dico
1521 4400 1609 4467 chri·

195 4528 316 4595 stiauos
338 4525 501 4606 homines,
528 4525 583 4589 sed
605 4524 780 4606 litteratos,
803 4542 869 4591 non
898 4526 975 4593 satis
995 4526 1108 4604 mirari
1132 4545 1228 4614 queo
1254 4529 1339 4604 Quos
1360 4528 1446 4595 enim
1469 4527 1497 4593 si
1520 4525 1610 4593 nulla

228 4796 251 4845 l.
269 4811 283 4838 ι
292 4790 463 4852 Forcelliuus,
478 4791 505 4842 in
519 4790 607 4842 indice
618 4797 752 4843 auctorum
764 4805 880 4856 auorum,
900 4807 976 4844 usum
989 4808 1015 4845 se
1025 4794 1062 4846 ait
1073 4794 1184 4847 editione
1197 4795 1333 4848 Parisiansi
1346 4794 1423 4847 lillies
1438 4795 1479 4845 Du
1491 4792 1550 4854 Pin,
1566 4805 1607 4843 an.

196 4887 268 4946 ltuo,
293 4882 337 4933 iol.
356 4882 405 4932 sad
421 4894 566 4946 nusquam,
587 4881 654 4946 quod
673 4884 770 4944 seiam,
795 4882 822 4932 ln
845 4882 936 4934 lexico
957 4897 1004 4934 suo
1023 4883 1079 4937 loca
1100 4885 1215 4951 ejusdam
1230 4884 1342 4951 (optati)
1355 4883 1453 4936 citsrit.
1474 4901 1490 4930 s
1508 4883 1537 4933 ld
1550 4882 1609 4946 iure

194 4952 399 5023 nimadrersum
416 4971 443 5021 iu
455 4969 543 5021 ludica
559 4976 693 5023 auctorum
708 4971 863 5022 dermarncar
879 4971 1007 5024 editionis.

225 5063 250 5111 2.
266 5059 367 5111 Boethii
381 5059 477 5111 librum
488 5059 523 5110 De
535 5060 710 5112 Consolatione
726 5060 848 5111 duntaxat
863 5068 969 5112 norunt.
