3542 5550
728 351 917 406 sternuto.
1497 371 1531 416 11

157 494 281 561 Verum
301 494 419 561 inedita
434 494 581 580 quaedam
597 494 631 557 in
646 492 706 558 hoc
719 510 836 576 genere
854 492 1028 559 lectoribus
1042 494 1206 576 porrigere
1224 496 1305 560 mibi
1324 499 1467 581 contigit.
1482 499 1531 565 Si·

117 618 250 701 quidem
271 619 305 684 in
328 619 393 685 duo
414 625 523 686 vetera
543 618 704 684 Glossaria
720 617 833 696 incidi,
856 635 995 701 quorum
1011 619 1186 685 medullam
1205 623 1357 687 attentius
1375 627 1530 707 expressi,

118 762 254 829 quaque
270 744 379 809 doctos
397 744 549 810 benerole
564 752 751 827 excepturos
766 760 878 826 spero:
899 761 1015 822 unum,
1031 763 1070 809 ex
1083 744 1275 812 Bibliotheca
1290 747 1454 828 imperiali
1469 751 1531 815 Pa-

4 890 11 901 ·
118 868 229 945 risina,
246 885 280 931 n.
301 874 391 944 toln,
407 856 515 933 saeculi
529 864 657 941 decimi,
674 865 774 932 multa
788 867 955 932 continens
969 867 1122 933 vocabula
1135 887 1208 953 quae
1226 870 1260 933 in
1276 870 1349 935 aliis
1362 870 1542 938 Glossariis·

118 1007 184 1053 non
202 989 433 1069 inveniuntur,
453 989 602 1065 alterum,
624 1007 663 1054 ex
682 987 875 1054 Bibliotheca
895 989 1017 1055 Sancte
1039 991 1219 1069 Genoveioe,
1236 991 1313 1057 item
1332 994 1448 1060 decimi
1466 1014 1530 1061 sae·

118 1115 195 1195 culi,
223 1114 310 1198 quod
331 1114 457 1180 mendis
477 1114 607 1198 quidem
631 1118 743 1193 scatet,
766 1113 823 1178 sed
846 1113 980 1198 antiqua
1001 1115 1297 1197 interpretamenta,
1323 1125 1359 1183 ut
1379 1119 1531 1185 omnibns

120 1238 267 1323 liquebit,
286 1244 503 1322 repraesentat.

156 1362 245 1437 Quod
264 1363 432 1446 Congium,
449 1363 483 1428 in
505 1362 682 1429 recentiora
704 1363 897 1448 plerumque
919 1372 1316 1449 temporalexcurrentem,
1338 1370 1453 1452 saepius
1473 1388 1529 1454 ap-

117 1486 246 1570 pellem,
269 1506 334 1553 non
354 1488 472 1553 idcirco
496 1506 549 1553 me
571 1487 707 1553 instituti
730 1488 794 1552 mei
819 1487 1158 1571 oblitumargnerint.
1181 1491 1273 1556 flaua
1291 1492 1379 1557 enim
1398 1493 1532 1560 adhibui

118 1631 181 1677 non
199 1620 236 1677 ut
255 1629 339 1677 nova
356 1612 507 1677 lemmata
521 1610 666 1676 libellulo
681 1629 754 1676 meo
769 1611 1041 1689 subministraret,
1061 1612 1118 1678 sed
1140 1619 1176 1679 ut
1195 1614 1413 1697 infrequentes
1433 1636 1533 1701 quas·

117 1739 190 1804 dam
209 1755 302 1803 voces
318 1736 452 1803 usitatas
472 1733 644 1819 aliquando
665 1735 762 1801 luisse
778 1737 968 1813 ostenderet,
990 1737 1127 1802 incertas
1143 1738 1359 1819 confirmaret,
1380 1741 1532 1807 obscuras

117 1862 237 1926 fusiore
255 1860 452 1943 expositione
470 1859 670 1924 dilucidaret.
694 1859 893 1926 Vetustiores
913 1867 1036 1941 autem,
1055 1867 1090 1926 ut
1108 1881 1205 1945 supra
1218 1865 1336 1941 notavi,
1357 1865 1532 1932 verborum

116 1984 319 2050 auctoritates
337 1982 483 2066 negligit,
506 1981 738 2047 recentioribus
756 1962 934 2050 contentus.
955 1986 1040 2068 Ergo
1059 1987 1244 2050 Glossarium
1261 1990 1365 2052 medie
1382 2000 1409 2052 et
1422 1992 1533 2069 infima

117 2112 276 2173 latinitatis
290 2125 373 2173 nota
387 2106 480 2172 laude
496 2114 678 2184 ornaretur,
695 2107 722 2171 si
737 2108 823 2192 quis,
838 2109 985 2190 perlectis
1005 2128 1024 2174 a
1041 2112 1152 2194 quinto
1174 2112 1214 2177 ad
1233 2130 1357 2178 nonum
1376 2116 1532 2180 saeculum

119 2231 347 2315 scriptoribus,
369 2229 513 2312 singulas
533 2231 688 2295 dictiones
709 2232 941 2315 antiquissimis
964 2236 1150 2300 nominibus
1165 2236 1418 2316 commendaret,
1440 2257 1482 2304 ne
1497 2240 1531 2305 in

116 2358 233 2424 falsum
243 2357 404 2440 iudicium
418 2356 552 2423 lectores
565 2362 765 2438 raperentur.
782 2357 818 2421 ln
836 2373 902 2440 quo
915 2375 980 2423 uon
997 2361 1145 2427 inutilem
1159 2361 1246 2427 hunc
1260 2381 1370 2429 meum
1385 2364 1531 2431 libellum

116 2486 184 2550 lore
198 2485 350 2549 dixerim.

155 2608 285 2692 Aliquot
302 2607 449 2690 exempla
466 2608 589 2673 referre
607 2607 699 2690 libet,
724 2608 842 2692 quibus
860 2611 1075 2693 quorumdam
1098 2612 1324 2677 vocabulorum
1340 2620 1432 2678 vetus
1453 2632 1531 2698 pro·

118 2732 221 2816 sapies
237 2732 413 2817 apparebit,
439 2731 502 2799 alia
525 2732 658 2815 indigne
680 2733 898 2816 praetermissa
923 2752 992 2800 esse
1014 2752 1109 2801 nemo
1136 2753 1200 2801 nou
1223 2734 1383 2803 fatebitur.
1408 2737 1445 2803 ln
1471 2738 1531 2804 boc

117 2875 225 2941 censu,
251 2856 407 2941 pleraque
430 2864 540 2924 notatu
564 2858 712 2941 digniora
736 2859 776 2923 ad
799 2877 916 2924 aream
934 2860 1053 2944 lingnae
1079 2860 1188 2926 latina
1211 2869 1337 2928 atatem
1358 2864 1528 2946 pertinent,

117 2984 264 3067 quadam
280 3001 357 3048 vero
375 2982 416 3047 ad
432 2989 627 3066 argenteam,
647 2984 838 3066 paucissima
855 2984 897 3049 ad
912 3002 1054 3051 auream.

154 3108 327 3193 Sequentia
348 3108 464 3191 eligam
486 3126 559 3192 quae
577 3108 788 3193 philosophie
808 3117 885 3177 sunt
906 3109 1143 3193 (ecelesiastica,
1166 3111 1377 3196 arithmetica,
1401 3131 1530 3197 geome-

117 3236 202 3318 trica,
224 3234 360 3323 musica,
380 3233 583 3299 medicinalia
602 3233 725 3299 similes
744 3235 903 3301 indiculos
916 3235 1095 3314 effioerent;
1113 3237 1168 3301 sed
1182 3236 1226 3320 id,
1246 3239 1408 3305 brevitatis
1421 3259 1527 3322 causa,

117 3362 262 3443 omittol:
281 3359 565 3439 decidentem-iter,
584 3360 821 3436 alteratio-rare,
839 3362 1058 3436 altercatorias,
1074 3363 1255 3441 analyticus,
1276 3367 1422 3445 aptium,
1444 3367 1530 3430 mlv-

116 3490 220 3567 ctivus,
236 3485 519 3561 communicationi,
535 3486 749 3565 coniplerions,
760 3488 1032 3565 comprehensivas,
1042 3487 1258 3563 minutivae,
1273 3492 1530 3565 contradictorius,

117 3612 332 3686 cmuciatu,
353 3611 570 3690 designanvus,
593 3610 798 3684 determinate,
818 3612 978 3689 divisivas,
996 3613 1163 3692 effectivus,
1180 3615 1358 3688 essentialis,
1380 3614 1528 3689 identitas,

118 3738 322 3813 immediatus,
345 3738 693 3815 incomprehensibiliter,
720 3737 965 3811 indeterminata,
988 3737 1162 3815 individue,
1185 3738 1374 3814 inductivas,
1401 3742 1529 3801 immisi·

118 3858 227 3937 iilitas,
256 3861 510 3937 insubstantivus,
534 3861 754 3935 intellectibilis,
781 3861 888 3938 topice,
908 3863 1154 3940 particularitas,
1176 3864 1389 3943 perceptibilis,
1413 3866 1530 3940 resuta·

119 3983 199 4062 iilis,
213 3986 428 4064 resolutoriam,
446 3987 618 4066 specificas,
638 3986 846 4064 speculativas,
870 3987 1072 4064 salutemus,
1094 3989 1300 4065 subnstentia,
1316 3990 1529 4068 substantialis,

118 4112 380 4190 mpnnatnralas,
402 4112 611 4190 susceptibilis,
632 4111 825 4188 spllopistice,
849 4112 1013 4189 spllopizo,
1037 4113 1268 4187 universalitas,
1289 4116 1528 4191 commarceio.

119 4233 221 4306 Qum
241 4234 303 4299 ista
319 4234 458 4317 Congius
476 4252 542 4300 non
564 4233 690 4316 babeat,
712 4243 768 4298 aut
783 4251 822 4299 ex
843 4235 1026 4300 auctoribus
1048 4236 1169 4300 ultimae
1191 4235 1355 4320 latinitatis
1377 4237 1528 4322 proferat,

120 4376 258 4439 pronum
273 4364 324 4423 est
336 4363 374 4424 ut
390 4357 471 4423 falso
484 4359 673 4443 colligamus
691 4376 728 4423 ea
745 4358 934 4424 duodecimo
948 4359 1074 4425 circiter
1091 4361 1207 4426 saeculo
1229 4368 1304 4426 nata
1322 4379 1403 4426 esse.
1419 4362 1456 4426 lit
1469 4362 1532 4426 alia

122 4480 319 4565 depromam,
344 4500 418 4566 qua
438 4483 479 4548 ad
498 4483 741 4566 grammaticam
765 4490 926 4565 spectant:
944 4486 1096 4567 Acticitas,
1115 4487 1331 4561 aabcrmtivus,
1351 4488 1532 4550 mundialis

119 4606 272 4688 (reficiore
294 4624 370 4672 casu
394 4610 601 4673 monnarii
628 4614 791 4674 servatum
816 4610 913 4692 erat),
937 4615 1097 4693 aequivoce,
1126 4614 1318 4694 affirmative,
1343 4612 1528 4692 affabulatim

119 4734 331 4815 amphibolice,
357 4734 527 4815 amtopicc,
550 4737 698 4812 ammian,
727 4735 925 4816 appellative,
951 4737 1155 4817 appositione,
1180 4735 1322 4798 mnolista
1341 4734 1454 4811 (etiam
1470 4748 1531 4795 vox

118 4875 220 4939 graem
232 4858 355 4924 Lexicis
368 4858 521 4925 merenas
535 4861 643 4942 ignota
656 4860 728 4943 est),
742 4833 948 4941 completivam,
962 4862 1177 4937 mndcclinarc,
1193 4860 1430 4939 consipnisicarc,
1446 4858 1532 4919 aava

120 4984 251 5060 syllabus
269 4982 448 5067 (multaque
465 4983 528 5048 alia
547 4986 701 5068 cognata),
726 4966 909 5068 inclinativa,
930 4987 1202 5062 ditinctiva-cns,
1221 4984 1437 5060 diversiclinia,
1452 4984 1531 5045 dva-
