3542 5550
745 407 931 467 rltAEiit'llt).
1497 421 1542 466 vrr

126 557 158 614 et
176 548 300 630 gallica
315 548 435 633 linguae
453 549 640 633 primordia,
660 558 817 635 quantum
839 552 873 616 in
890 568 927 616 eo
946 554 1006 632 est,
1026 568 1085 617 nos
1101 550 1228 617 lateant.
1247 551 1375 627 Quoties
1395 552 1544 635 Augusti·

127 690 223 751 num,
244 680 300 739 aut
320 675 569 759 Hieronymum,
591 682 647 741 aut
666 675 880 761 cyprianum,
901 684 955 742 aut
968 673 1140 759 Hilarium,
1155 686 1189 741 ut
1202 676 1369 741 Boethium
1385 676 1543 755 omittam,

127 797 265 875 laudavi,
285 815 388 881 quum
406 799 543 881 cangius
564 801 726 866 undecimi
747 801 798 869 vel
814 800 996 867 duodecimi
1017 800 1126 867 seculi
1146 802 1346 884 scriptorem,
1362 807 1419 868 aut
1432 818 1543 867 recen·

126 924 243 988 tiorem
258 923 401 1008 aliquam
420 924 562 992 chartam
585 927 779 994 arcesseret!
801 926 890 1002 Quod
913 926 949 992 in
973 927 1033 992 hoc
1053 944 1150 1009 opere
1173 926 1279 1011 volui,
1305 925 1441 1009 (langius
1466 944 1543 992 sane

127 1067 242 1131 parum
262 1053 385 1120 curavit
403 1055 439 1119 in
458 1072 535 1137 suo;
564 1056 621 1123 sed
642 1063 719 1123 atas
744 1064 854 1124 noema
876 1058 921 1124 ita
943 1059 1130 1139 linguarum
1149 1055 1383 1122 vicissitudines
1402 1052 1543 1119 studiosa

128 1174 332 1257 indagatione
351 1179 556 1262 persequitur
570 1185 607 1246 ut
627 1178 834 1264 singulorum
853 1182 1025 1248 verborum
1046 1182 1138 1267 quasi
1159 1179 1327 1279 historiam
1341 1178 1463 1245 discere
1477 1194 1542 1243 non

127 1297 279 1367 fastidiat.
402 1310 405 1319 '

166 1422 270 1502 Nunc,
286 1424 405 1509 quibus
420 1426 605 1494 auctoribus
618 1429 834 1516 excerpendis,
850 1430 930 1495 dum
947 1429 1163 1513 pretermissa
1181 1433 1320 1513 scrutor,
1340 1445 1471 1511 operam
1489 1427 1543 1491 in·

129 1549 347 1631 sumpserim,
366 1552 519 1619 disertius
541 1553 725 1619 dicendum.
747 1555 817 1621 Non
838 1560 983 1637 tempora
1002 1552 1149 1638 egredior
1171 1552 1288 1637 quibus
1305 1553 1427 1618 librum
1447 1568 1543 1616 sunm

129 1672 382 1757 circumscripsit
394 1676 601 1743 l'orcellinus.
616 1679 721 1753 Quum
735 1696 793 1761 per
806 1678 908 1746 multa
923 1678 995 1744 ideo
1008 1679 1223 1764 pervolverim
1243 1683 1280 1744 ut
1298 1677 1447 1743 silvulam
1462 1675 1544 1741 hanc

134 1796 337 1875 conficerem,
353 1801 387 1864 in
404 1806 518 1885 quarto
530 1808 561 1867 et
574 1803 688 1887 quinto
701 1801 828 1884 seculo,
846 1801 904 1869 ubi
920 1803 1129 1870 occurrebant
1145 1803 1257 1887 inclyti
1273 1802 1454 1868 ebrisnmoe
1468 1798 1545 1866 reli·

131 1922 237 2003 gionis
253 1922 450 2008 defensores,
472 1926 613 1993 mamma
635 1931 851 1993 commoratus
871 1946 957 1994 sum.
981 1928 1050 1994 Divi
1068 1928 1213 2011 Gregorii
1230 1925 1405 2010 lipistolas,
1422 1942 1491 2004 me,
1510 1924 1545 1987 in

133 2054 259 2112 sextum
284 2048 437 2117 seculum
462 2054 972 2138 transcurrentem,interrogare
998 2053 1137 2135 proiecto
1160 2072 1225 2120 non
1247 2054 1362 2138 piguit.
1383 2050 1545 2117 Isidorum

137 2171 359 2255 Hispalensem
373 2176 409 2241 in
425 2176 595 2259 septimam
611 2196 714 2262 usqne
728 2184 866 2257 atatem,
883 2186 1005 2244 ceteros
1022 2178 1179 2262 imitatus,
1194 2178 1392 2262 sequendum
1409 2179 1518 2261 putavi
1535 2198 1543 2245 :

135 2297 207 2380 quis
226 2299 315 2365 enim
334 2301 523 2384 scriptorem
541 2303 682 2387 antiqua
702 2303 840 2372 scentia
855 2321 1049 2383 memorem,
1064 2310 1111 2369 tot
1126 2303 1366 2386 deperditarum
1385 2302 1546 2370 librorum

134 2422 363 2504 breviatorem,
385 2427 443 2512 qui
465 2433 511 2493 tot
533 2445 587 2493 res
606 2428 731 2514 ignotas
754 2428 843 2496 solus
865 2429 1026 2511 patefacit,
1047 2430 1195 2513 nomque
1213 2427 1320 2495 lucem
1340 2428 1444 2507 affert,
1463 2428 1548 2495 ausit

134 2550 307 2636 respueret
327 2553 422 2637 Hujus
438 2572 519 2639 opus
533 2556 574 2618 lle
591 2556 764 2635 Originibus
776 2555 939 2640 quondam
954 2557 1116 2637 integrum
1132 2555 1355 2640 perlegeram:
1373 2555 1459 2621 unde
1476 2573 1548 2620 ma·

137 2693 234 2758 gnam
251 2678 482 2745 vocabulorum
501 2678 595 2746 hausi
614 2681 751 2764 copiam,
770 2698 843 2765 qum
862 2680 981 2765 sapius
999 2699 1065 2746 non
1081 2678 1177 2746 modo
1197 2679 1368 2765 antiquum
1386 2677 1546 2755 redolent,

136 2801 189 2869 sed
206 2822 226 2870 a
244 2803 362 2888 priscis
381 2804 564 2872 auctoribus
584 2814 712 2891 sumpta
729 2807 891 2886 videntur,
915 2814 947 2874 et
966 2806 1102 2874 ieliciter
1119 2805 1154 2872 in
1171 2805 1232 2871 hac
1254 2806 1392 2888 epitome
1410 2809 1546 2870 servata.

135 2927 230 2994 Huiia
254 2930 291 2994 in
312 2929 428 2997 Isidori
448 2933 604 2998 indicibus
625 2934 744 2999 omissa
761 2951 831 3000 esse
848 2934 994 3016 cognovi,
1017 2933 1073 3018 qui
1095 2950 1161 2997 non
1179 2939 1246 2997 tam
1263 2930 1361 2997 verba
1380 2947 1478 3015 quam
1495 2946 1548 2994 res

135 3055 333 3137 exprimunt.
357 3057 420 3122 Nec
441 3058 555 3125 inutile
572 3060 613 3123 ad
632 3057 719 3123 hunc
738 3066 886 3124 nostrum
905 3057 1049 3124 laborem
1070 3057 1222 3135 dixerim,
1247 3054 1333 3140 quod
1352 3054 1548 3138 Hispalensis

135 3180 303 3265 episcopus
321 3187 463 3248 retorem
481 3181 627 3266 linguam
650 3183 749 3249 simul
771 3183 898 3263 calleat,
927 3189 958 3249 et
978 3200 1095 3248 novam
1120 3182 1238 3265 sepius
1261 3186 1440 3247 memoret:
1462 3177 1548 3244 unde

136 3303 247 3387 ingens
267 3303 469 3388 plebeiorum
487 3324 602 3373 vocum
621 3325 792 3389 numerus,
816 3316 887 3375 tum
906 3307 1138 3390 Hispanorum,
1156 3312 1226 3373 tum
1246 3305 1456 3381 danicarum,
1477 3309 1548 3367 tum

139 3428 417 3517 Ger-manicmum,
431 3451 503 3518 qua
516 3434 627 3519 magni
641 3434 769 3500 suntad
782 3434 983 3517 propositum
997 3439 1146 3498 nostrum
1161 3431 1328 3497 momenti.

175 3555 284 3622 Simili
301 3555 412 3625 favore
424 3558 554 3644 Bedam,
566 3559 623 3626 sed
636 3560 772 3637 cautius,
784 3559 946 3638 arcessivi,
958 3560 994 3624 in
1007 3575 1071 3642 quo
1086 3555 1256 3623 manifesta
1270 3558 1383 3640 priscae
1396 3553 1548 3621 doctrinae
1595 3610 1597 3612 ,

139 3681 272 3764 vestigia
288 3689 451 3765 apparent.
472 3683 552 3749 Nam
577 3684 695 3751 eruditi
713 3685 788 3768 viri,
811 3702 912 3768 quum
931 3682 1127 3749 anteriorum
1150 3682 1343 3764 scriptorum
1362 3677 1473 3746 stilum
1492 3696 1548 3744 ex·

139 3809 255 3891 quisite
272 3806 442 3890 affingant,
457 3808 499 3874 iis
513 3807 602 3875 velut
619 3808 758 3893 aequales
775 3815 862 3875 sunt.

176 3932 410 3998 Grammaticos
424 3931 540 4000 latinos
558 3933 735 4017 saepissime
749 3935 893 4014 excussi;
915 3934 1023 4019 ibique
1039 3932 1171 4000 uberior
1187 3950 1277 4015 seges
1294 3930 1376 3997 mihi
1390 3927 1547 4014 provenit.

138 4056 362 4123 cassiodorum
381 4058 511 4123 nomine
528 4058 659 4141 quidem
674 4059 860 4142 admittunt,
875 4058 931 4145 sed
947 4077 983 4124 re
998 4057 1064 4124 iere
1082 4058 1273 4140 negligunt:
1292 4055 1348 4140 qui
1362 4055 1475 4134 multa,
1491 4053 1550 4119 etsi

140 4183 257 4267 peioris
277 4189 375 4267 note,
399 4184 560 4268 colligenti
581 4186 661 4250 mihi
684 4184 906 4269 suppeditavit.
930 4184 1042 4249 lledici
1064 4182 1170 4267 latini,
1192 4182 1282 4249 tlelso
1302 4187 1442 4264 excepto,
1466 4179 1550 4245 osci-

137 4314 244 4374 tanter
267 4327 288 4374 a
311 4309 551 4393 Lexlcngraphis
578 4311 716 4393 excerpti
741 4317 842 4376 sunt:
870 4310 946 4385 inde
971 4307 1145 4374 verborum
1169 4306 1293 4389 copiam
1319 4324 1394 4372 cum
1418 4304 1550 4370 medicis

139 4435 268 4513 amaris,
291 4451 365 4518 quoe
383 4411 523 4516 proiecto
540 4452 605 4500 nnn
623 4435 775 4515 sordebit,
796 4435 962 4520 participo.
983 4434 1180 4515 Praecipuum
1198 4438 1306 4498 autem
1323 4448 1435 4495 curam
1452 4430 1486 4493 in
1504 4429 1551 4493 le-

137 4561 242 4643 gendo
260 4561 388 4643 integro
406 4560 538 4626 Boethio
559 4561 702 4644 impendi
718 4580 727 4627 z
744 4560 778 4625 in
792 4578 856 4645 qna
870 4577 947 4624 sane
961 4558 1081 4624 tructus
1095 4558 1200 4640 major
1212 4574 1310 4639 quam
1326 4555 1483 4637 voluptas.
1503 4551 1551 4615 ttb

137 4685 202 4763 illo,
229 4692 267 4751 ut
290 4685 373 4750 mihi
391 4687 494 4768 patuit
515 4694 546 4752 et
568 4688 718 4753 omnibus
743 4686 878 4772 patebit,
902 4685 1076 4770 repetenda
1096 4682 1268 4768 peculiaris
1287 4680 1551 4764 philosophorum

142 4809 273 4892 lingua,
302 4827 402 4895 quam
422 4811 564 4894 quinque
581 4811 633 4877 vel
650 4829 707 4877 sex
729 4812 854 4877 seculis
873 4810 1085 4877 recentiorem
1110 4808 1321 4873 arbitrantur.
1345 4807 1464 4869 Praeter
1486 4803 1551 4867 hu-

143 4935 330 5015 gustinum,
351 4934 600 5019 Hieronymum,
623 4935 842 5016 Ambrosium,
866 4935 1041 5017 Hilarium,
1065 4934 1150 4999 inter
1170 4929 1352 5013 theologos,
1377 4923 1552 4990 studiosius

139 5059 293 5125 voeabula
318 5075 337 5123 a
356 5058 503 5125 (lassiann
519 5069 682 5128 mutuatus
702 5079 793 5142 sum3
823 5062 903 5126 alins
924 5062 1035 5135 etiam,
1059 5059 1092 5122 in
1114 5055 1232 5122 lexicis
1252 5071 1309 5118 sen
1327 5064 1459 5132 perraro
1478 5047 1553 5113 lau·
