3542 5550
209 366 265 413 vm
340 363 343 369 ·
770 338 775 349 '
820 356 1006 410 rossano.

207 497 309 578 datos,
322 516 379 563 seu
393 498 526 563 omnino
540 499 686 577 omissos,
712 499 874 578 arcessivi,
895 499 1091 584 Saluianum,
1112 499 1321 579 Eucherium,
1344 501 1459 565 Divum
1483 500 1621 583 llulgen·

206 624 307 705 tium,
331 622 499 706 Optatam,
522 624 720 702 Liberatum,
747 623 952 700 Faustinum,
980 627 1139 689 Zenonem
1159 624 1394 703 veronensem,
1418 624 1621 691 vincentium

205 747 416 813 Lirinensem.
437 748 534 813 Multa
554 747 689 831 denique
707 748 747 811 ab
766 748 886 831 angelo
904 748 1001 826 ltlaio,
1020 766 1118 831 quem
1137 748 1269 814 latinam
1285 748 1512 814 bibliothecam
1525 748 1622 813 tantis

207 872 323 954 opibus
337 873 454 938 ditasse
468 874 582 952 sciunt,
598 872 805 957 infatigabilis
817 872 939 938 laboris
951 879 982 938 et
996 892 1132 939 summae
1146 872 1299 939 doetrinae
1310 874 1456 955 mirator,
1467 874 1621 956 expressi.

247 998 472 1080 Inscriptiones
489 998 644 1078 singulari
662 998 839 1064 eruditione
857 1015 998 1079 curaque
1017 999 1050 1063 in
1068 999 1253 1064 bericorum
1273 997 1443 1062 utilitatem
1463 993 1624 1060 consuluit

207 1120 424 1199 lturlanettus;
451 1121 507 1185 sed
529 1139 643 1187 recens
664 1129 806 1206 repertas
830 1140 895 1188 non
917 1124 1030 1205 potuit.
1056 1124 1116 1189 Eas
1139 1141 1266 1203 omnes,
1293 1139 1364 1206 quae
1386 1120 1564 1186 etiamnum
1589 1119 1623 1181 in

206 1244 354 1311 Numidia
368 1252 399 1310 et
412 1236 606 1312 Mauretania
622 1235 757 1327 exstant,
772 1266 875 1331 nuper
893 1248 1059 1331 exscripsit
1071 1247 1313 1330 descripsitque,
1330 1245 1470 1310 maxime
1490 1243 1623 1309 illarum

206 1385 317 1433 rerum
335 1368 529 1453 intelligens,
544 1371 606 1436 Leo
620 1364 748 1435 liuha:
761 1370 836 1436 inde
852 1389 1064 1456 quaecumque
1078 1373 1112 1436 in
1130 1372 1250 1438 lexicis
1266 1370 1385 1436 omissa
1399 1375 1619 1453 occurrerunt,

206 1493 411 1576 deprompsi;
437 1495 524 1579 quod
546 1514 612 1561 non
637 1515 728 1582 aeque
744 1497 963 1563 eruditissimo
989 1499 1129 1562 lientzen
1149 1497 1292 1580 contigit.
1309 1495 1356 1560 ld
1370 1513 1504 1561 manum
1525 1496 1622 1560 etiam

206 1616 400 1684 Christianus
416 1618 526 1685 Gallim
546 1621 774 1704 Inscriptiones
793 1621 903 1699 habui,
927 1629 1037 1687 octavo
1055 1620 1185 1706 quidem
1204 1620 1318 1685 saeculo
1340 1619 1527 1698 anteriores,
1544 1636 1624 1702 quas

207 1744 445 1809 accuratissima
457 1745 623 1829 diligentia
636 1746 723 1811 haud
736 1748 780 1811 ita
794 1747 921 1828 pridem
937 1747 1081 1830 vulgarit
1094 1745 1259 1829 popularis
1273 1751 1384 1811 noster
1397 1746 1433 1809 lc
1449 1745 1547 1808 Bluot.
1563 1743 1625 1808 Nec

207 1881 273 1929 non
296 1867 412 1952 aliqua,
437 1887 475 1934 ex
498 1871 618 1935 Hilario
643 1877 674 1936 et
696 1874 849 1949 iuvenco,
872 1871 952 1936 mihi
978 1870 1192 1954 suppeditavit
1216 1872 1412 1950 Spicilapium
1434 1871 1622 1948 Solccmcnsc,

207 2007 310 2073 quum
322 1993 361 2057 v.
376 1993 422 2058 cl.
437 1995 579 2061 Domnus
592 1998 679 2060 Pitru
692 2004 835 2062 auctores
850 1998 964 2081 quinto
979 1996 1092 2062 saeculo
1107 1997 1306 2080 antiquiores
1317 1994 1488 2078 proferret.

245 2116 334 2189 Quod
354 2134 418 2182 non
439 2137 457 2183 a
480 2119 652 2185 Glossariis
672 2121 897 2200 abstinuerim,
922 2138 1018 2186 nemo
1046 2120 1127 2185 mihi
1153 2120 1256 2203 magis
1279 2137 1377 2202 quam
1402 2118 1474 2183 aliis
1493 2116 1624 2183 berico-

206 2240 337 2319 graphis
359 2240 435 2307 uitio
459 2250 571 2308 vertet.
598 2243 633 2308 ln
652 2261 717 2328 quo
738 2244 903 2309 lubricum
928 2262 1005 2309 sane
1030 2262 1111 2327 opus
1133 2261 1142 2311 2
1168 2244 1329 2311 Glossaria
1348 2244 1436 2309 enim
1457 2243 1623 2308 rariorum

205 2370 390 2446 temporum
404 2365 596 2435 dictionibus
611 2369 728 2460 referta
742 2377 832 2447 sunt,
851 2370 897 2435 ita
918 2375 954 2435 ut
974 2369 1154 2452 periculum
1171 2371 1213 2435 sit
1227 2388 1269 2436 ne
1289 2369 1483 2434 recentiores
1504 2365 1624 2432 admit·

206 2494 325 2565 tamus,
350 2491 428 2556 dum
449 2500 589 2559 vetustas
610 2496 742 2578 rejicere
762 2496 927 2561 timemus.
949 2496 1008 2559 llas
1021 2501 1129 2560 tamen
1145 2512 1210 2559 non
1228 2494 1318 2577 attigi
1335 2511 1407 2577 quae
1421 2490 1624 2557 manifestius

205 2612 388 2680 barbariem
401 2617 625 2698 praelerebant.
646 2620 690 2685 llo
704 2619 814 2685 minus
828 2638 866 2685 ex
883 2620 945 2684 hoc
966 2619 1053 2685 sonte
1070 2618 1216 2683 hausisse
1237 2635 1289 2681 me
1310 2618 1442 2699 poenitet
1458 2615 1543 2699 quod
1562 2632 1624 2678 sae·

207 2753 384 2818 penumero
403 2741 595 2826 scriptorum
615 2744 802 2810 auctoritate
815 2742 971 2810 vocabula
987 2742 1096 2809 tulcivi
1116 2760 1188 2827 quae
1209 2747 1334 2808 tantum
1351 2759 1390 2807 ex
1407 2739 1528 2807 Glossis
1549 2744 1625 2804 nota

206 2868 308 2928 erant.
330 2863 491 2930 Praeterea
510 2884 605 2932 nemo
624 2867 726 2934 nescit
748 2867 890 2952 aliquem
908 2868 1070 2934 interdum
1085 2867 1247 2950 egregiam
1265 2865 1495 2948 expositionem
1510 2881 1624 2928 eruere

208 2985 264 3049 ubi
278 2995 371 3054 antea
386 2989 469 3054 nihil
484 3007 596 3058 omnes
610 2993 853 3060 extricaverant.
1371 2965 1374 2970 ἢ
1505 3081 1508 3088 ¹

245 3112 409 3196 Praecipua
424 3122 500 3181 sunt
519 3115 681 3183 Glossaria
693 3137 765 3202 qum
778 3118 838 3183 sub
852 3120 1011 3182 Philemoni
1025 3124 1056 3183 et
1068 3119 1175 3197 Cerilli
1189 3116 1375 3181 nominibus
1389 3114 1624 3180 circumierun-

207 3242 288 3302 tur:
312 3240 476 3321 quum-iis
496 3241 606 3307 berica
622 3242 669 3308 uti
689 3243 824 3321 soleant,
847 3260 914 3308 non
933 3260 991 3325 ego
1014 3240 1299 3325 reprehendendus
1313 3239 1423 3305 videor
1440 3239 1468 3302 si
1488 3237 1624 3302 omissas

207 3361 364 3443 quasdam
375 3362 529 3430 dictiones
541 3367 766 3449 exscripserim
778 3384 814 3431 ac
824 3367 1028 3449 protulerim.
1041 3365 1113 3430 illia
1124 3369 1211 3442 sunt,
1225 3363 1406 3429 aVulcanio
1418 3364 1515 3428 ctiam
1526 3362 1622 3442 edita,

207 3503 279 3567 quae
302 3487 454 3567 pauculas
477 3506 570 3555 voces
594 3491 674 3555 mihi
695 3500 934 3576 suggesserunt.
960 3490 1161 3557 Glossarium
1183 3492 1302 3554 Placidi
1323 3496 1356 3554 et
1378 3488 1540 3555 Glossaria
1559 3488 1623 3553 duo

207 3608 368 3691 Vaticana,
391 3629 463 3677 cum
483 3619 529 3679 tot
550 3614 622 3679 aliis
637 3615 830 3697 perutilibus
845 3618 953 3694 rebus,
975 3616 1085 3699 augeli
1105 3616 1178 3680 llaii
1193 3614 1376 3681 collectioni
1394 3614 1506 3680 debeo.
1522 3613 1624 3677 Etiam

210 3733 379 3797 Thesaurus
398 3756 495 3800 mous
513 3739 690 3822 lminitotis,
715 3740 756 3805 ab
778 3741 891 3806 eodem
909 3741 1069 3822 vulgatus,
1089 3759 1108 3805 a
1127 3739 1229 3823 capite
1249 3740 1290 3805 ad
1312 3737 1431 3804 calcem
1452 3738 1535 3803 mihi
1549 3754 1624 3818 per·

206 3855 306 3923 lectus
322 3865 385 3941 est3
407 3861 499 3943 cujus
519 3870 695 3942 auctorem,
718 3883 777 3930 seu
796 3865 965 3942 Thomam,
991 3882 1048 3930 seu
1063 3864 1177 3941 alium,
1196 3865 1240 3929 ita
1257 3862 1367 3928 laudat
1381 3863 1508 3928 editor:
1530 3888 1545 3916 «
1560 3862 1623 3925 lla·

206 3982 321 4050 bemus
342 3984 592 4053 Grammaticum
610 3989 645 4053 in
664 3998 811 4054 veterum
828 3990 1034 4054 classicorum
1051 3989 1243 4055 lectionibus
1261 3990 1352 4055 valde
1367 3995 1546 4066 versatum,
1567 3985 1623 4048 sed

205 4116 314 4174 tamen
338 4130 379 4176 ne
404 4112 562 4196 sequioris
585 4116 740 4196 temporis
760 4114 892 4197 quidem
914 4115 1167 4195 neotericorum‚
1195 4116 1221 4179 si
1246 4115 1303 4197 qui
1325 4115 1411 4178 tama
1434 4110 1622 4194 eloquentiae

207 4232 366 4312 eluebant,
383 4236 607 4320 negligentem.
619 4265 634 4294 ι
647 4238 695 4303 lbi
710 4237 983 4320 prudentissimus
996 4240 1134 4306 delectus
1147 4239 1315 4305 habendus
1329 4245 1407 4303 erat.
1423 4235 1622 4302 Glossarium

206 4359 357 4444 denique,
379 4362 465 4445 quod
483 4364 522 4428 v.
541 4363 587 4428 ct.
604 4366 806 4447 Hildcbrood,
827 4383 866 4430 ex
887 4365 1033 4431 Parisino
1055 4365 1249 4431 Bibliotheca
1269 4365 1487 4446 desumptum,
1513 4361 1623 4444 publi-

206 4486 303 4562 cavit,
330 4494 432 4554 totum
453 4491 615 4571 consului,
633 4496 665 4555 et
686 4490 713 4554 si
735 4490 813 4571 quid
836 4508 957 4556 novum
976 4491 1106 4558 exhibet
1126 4490 1227 4582 (quod
1247 4506 1322 4554 raro
1343 4487 1404 4569 fit),
1425 4487 1524 4567 segeti
1541 4504 1622 4551 meae

205 4609 325 4675 addidi.

248 4735 428 4802 Verborum
448 4737 593 4821 farrago,
617 4742 727 4820 quitur
749 4745 979 4818 abstinendum,
1000 4740 1034 4805 in
1057 4740 1121 4804 fine
1140 4736 1361 4805 lloroelliniani
1385 4735 1489 4802 larici
1508 4734 1623 4799 insulta

207 4868 265 4944 est,
289 4864 324 4927 in
343 4881 406 4947 qua
420 4863 561 4947 plurima
579 4864 687 4931 rideas
706 4867 828 4932 ultimae
848 4866 1018 4946 barbariae,
1038 4881 1112 4930 cnm
1128 4864 1200 4928 aliis
1221 4881 1293 4946 quae
1314 4862 1418 4945 aliqua
1436 4859 1623 4926 auctoritate

145 5066 146 5070 Ἰ
207 4988 332 5051 firmari
348 4994 492 5068 possunt,
506 5006 570 5055 non
585 4997 692 5056 autem
707 4991 890 5058 firmantur.
905 4991 988 5073 Ergo
1003 4988 1126 5054 nullam
1138 4988 1178 5052 ad
1192 5004 1263 5053 rem
1277 4985 1366 5051 utilis
1380 4991 1438 5051 est.
