3542 5550
190 367 223 412 1v
803 351 989 407 sacrario.

191 519 283 568 mum
302 498 410 581 debet,
435 496 609 561 obsoletam
633 496 665 559 in
687 494 745 561 hac
764 514 799 561 re
820 497 1010 562 sententiam
1029 495 1183 579 retinere,
1207 501 1238 560 et
1256 513 1364 561 veram
1383 494 1604 561 conscribendi

191 625 295 692 larici
307 623 393 706 leges
409 623 577 705 ignorare:
597 619 683 704 inde,
699 620 804 698 credo,
821 618 908 703 quod
921 619 1020 683 latina
1035 619 1147 700 lingua
1166 619 1351 685 etiamnunc
1366 622 1400 685 in
1415 619 1604 685 solennibus

190 749 433 816 Academiarum
456 752 487 811 et
508 746 757 828 Gymnasiorum
776 744 979 810 consessibus
1000 752 1033 809 et
1052 744 1306 810 exercitamentis
1322 751 1446 823 utatur,
1470 746 1602 828 scripto-

191 892 304 960 resque
323 871 464 938 fastidiat
483 888 541 953 per
561 887 643 955 quos
662 870 882 952 professorum
907 867 1173 950 alumnorumque
1198 886 1333 934 suorum
1355 869 1480 934 dicendi
1503 885 1603 952 genus

190 998 277 1065 infici
292 1005 386 1081 atque
400 994 611 1062 contaminari
626 994 737 1077 possit.

231 1125 295 1188 Hac
316 1120 466 1204 opinione
479 1118 640 1201 imbutus,
664 1118 949 1200 praestantissimus
964 1118 1018 1185 ille
1032 1120 1242 1186 Ruhnkenius
1258 1118 1508 1202 Laxicographos
1523 1119 1603 1184 adeo

189 1266 254 1313 non
276 1248 316 1312 ad
339 1244 518 1329 augendam
538 1250 739 1326 antepartam
761 1259 881 1327 penum
907 1242 1064 1325 hortatur,
1088 1252 1125 1310 ut
1149 1243 1386 1329 quamplurima
1411 1242 1485 1307 inde
1503 1243 1602 1307 recidi

189 1374 279 1452 velit,
303 1390 343 1436 ne
362 1371 475 1436 lolium
493 1388 567 1436 cum
584 1369 747 1434 frumento
761 1367 950 1432 demetetur.
974 1394 989 1424 ι
1006 1369 1110 1442 Quum
1125 1368 1209 1432 inter
1227 1385 1351 1448 omnes,
1366 1366 1410 1431 ait
1421 1372 1442 1444 ¹,
1462 1385 1603 1451 quorum

190 1498 230 1563 de
249 1496 298 1561 his
312 1497 410 1561 rebus
424 1494 583 1577 judicium
604 1500 669 1571 est,
693 1493 770 1557 satis
784 1470 921 1574 constet,
941 1492 1096 1557 illibatam
1117 1492 1206 1556 illam
1224 1499 1255 1558 et
1275 1510 1375 1557 unam
1394 1493 1453 1558 hoc
1471 1492 1602 1557 nomine

191 1621 321 1703 dignam
345 1618 478 1684 latinam
498 1618 644 1700 lingnam
660 1617 700 1680 iis
714 1616 936 1699 scriptoribus,
952 1617 1007 1700 qui
1026 1634 1127 1701 usque
1149 1614 1188 1679 ad
1202 1610 1438 1681 Antoninorum
1457 1624 1603 1698 tempora

189 1746 373 1821 floruerint,
392 1742 559 1824 contineri,
579 1759 638 1808 nec
655 1759 710 1807 eos
728 1741 883 1806 terminos
900 1741 986 1806 ultra
1006 1739 1225 1824 proterendos,
1245 1738 1469 1823 Lericograpbi
1487 1741 1602 1817 nostri,

188 1869 295 1946 credo,
307 1867 403 1933 ueriti
421 1885 464 1932 ne
481 1867 602 1950 lingua,
617 1866 645 1930 si
661 1884 699 1931 ex
720 1865 851 1947 optimis
865 1872 988 1931 tantum
1012 1871 1204 1942 sumeretur,
1221 1864 1329 1947 inopia
1345 1864 1520 1944 laboraret,
1542 1881 1601 1948 per

187 2011 301 2058 omnes
318 1997 427 2057 aetates
443 1991 559 2073 vagati,
583 1988 740 2074 quidquid
759 1989 879 2054 baricis
895 1990 1111 2074 constipandis
1129 1989 1309 2070 inserviret,
1330 1990 1548 2072 arripuerunt,
1569 1997 1601 2056 et

187 2135 337 2200 prorsus,
362 2123 398 2181 ut
419 2114 589 2198 proverbio
610 2114 738 2192 dicitur,
762 2113 801 2178 de
823 2114 899 2180 iaece
920 2115 1106 2181 hauserunt.
1135 2114 1182 2179 Ita
1202 2121 1354 2198 tanquam
1376 2115 1483 2179 idonei
1504 2121 1599 2180 testes

187 2244 324 2308 citantur
340 2240 528 2304 Ammianus
546 2237 762 2320 Marcellinus,
784 2240 960 2304 Martianus
979 2237 1117 2322 Capella,
1136 2239 1285 2304 Sidonius
1303 2238 1507 2320 Apollinaris,
1523 2240 1599 2305 Gas-

187 2363 344 2440 siodorus,
366 2362 399 2426 id
420 2368 469 2426 est
490 2361 660 2443 scriptores
681 2359 906 2427 balbutientes.
928 2363 1068 2428 Ventum
1091 2370 1138 2428 est
1162 2362 1240 2429 adeo
1261 2363 1301 2429 ad
1323 2363 1498 2448 'theologos
1516 2364 1598 2428 chri-

186 2490 322 2570 stianos,
346 2506 513 2572 nunquam
535 2486 753 2564 somniantes,
782 2487 849 2552 iore
874 2488 1047 2571 aliqnando
1073 2496 1110 2553 ut
1132 2507 1152 2553 a
1178 2507 1212 2553 se
1234 2506 1361 2574 qnoque
1381 2488 1545 2575 symbola·
1558 2490 1598 2554 ad

185 2614 375 2679 latinitatem
396 2611 596 2696 probandam
619 2618 838 2693 erogarentur.
861 2640 875 2667 s
898 2613 935 2678 Iit
957 2615 991 2677 in
1010 2614 1149 2698 aliquem
1173 2616 1336 2680 invehitur
1357 2618 1413 2699 qui
1436 2617 1597 2699 integrum

185 2739 417 2807 Tertullianum
433 2737 466 2802 in
490 2736 622 2803 Lexicon
643 2736 807 2814 retulerat,
833 2744 995 2804 auctorem
1017 2739 1135 2805 scilicet
1160 2764 1175 2800 a
1196 2758 1254 2823 per
1272 2758 1368 2825 quem
1383 2758 1487 2807 unum
1505 2740 1598 2826 plura

184 2871 328 2930 monstra
351 2864 384 2928 in
405 2863 550 2945 linguam
572 2860 721 2936 latinam,
746 2879 844 2944 qnam
865 2880 924 2945 per
946 2880 1058 2929 omnes
1082 2865 1252 2947 scriptores
1273 2866 1528 2950 semibarbaros,
1546 2866 1598 2931 in·

185 2996 272 3055 vecta
286 2989 362 3053 sint.
377 3016 393 3044 s

223 3115 334 3180 lioclos
352 3112 496 3196 ejusdem
516 3113 619 3196 gentis
638 3131 712 3177 cum
731 3132 861 3181 summo
878 3114 948 3179 viro
970 3116 1151 3181 consentire
1171 3134 1267 3182 nemo
1285 3117 1466 3185 mirabitur.
1492 3119 1599 3201 Opus·

183 3240 292 3306 culum
306 3238 432 3321 scripsit
444 3238 479 3302 Il.
495 3236 708 3315 Kaercberus,
724 3237 888 3317 Badensis,
902 3240 942 3324 ile
952 3242 1067 3318 optimo
1078 3243 1167 3305 latini
1181 3244 1277 3307 larici
1293 3246 1437 3307 mandi
1454 3245 1596 3307 ronow.

183 3363 241 3436 Qui
258 3380 360 3446 quum
376 3380 447 3427 eam
466 3361 624 3427 rationem
642 3362 748 3427 tribus
768 3363 926 3428 contineri
946 3364 1104 3445 partibus,
1127 3366 1295 3431 ostendere
1313 3366 1401 3431 cordi
1422 3365 1550 3442 habeat,
1567 3372 1599 3429 et

185 3489 224 3553 de
242 3488 302 3553 boc
325 3488 426 3552 insius
445 3487 594 3570 disputet,
618 3494 701 3552 totus
722 3488 756 3551 in
776 3487 970 3571 inquirenda
991 3489 1218 3554 vocabulorum
1240 3490 1346 3571 prima
1367 3487 1597 3570 significatione

184 3620 342 3689 versatur,
369 3615 410 3676 ne
436 3611 614 3693 suspicatos
643 3611 775 3695 quidem
801 3612 1030 3694 lexicographi
1059 3614 1155 3676 etiam
1180 3630 1300 3677 munus
1330 3628 1401 3675 esse
1426 3611 1598 3693 scriptores

185 3734 301 3801 latinos
322 3735 444 3818 legere,
472 3743 507 3800 ut
529 3754 568 3800 ex
589 3735 640 3799 bis
661 3735 767 3800 latinas
791 3735 910 3818 lingue
933 3737 1185 3801 instrumentum
1206 3735 1393 3816 depromat3
1418 3734 1510 3816 quasi
1531 3751 1598 3800 non

185 3868 327 3945 tempore
348 3862 505 3943 posterius
526 3863 568 3927 sit
587 3863 754 3927 materiam
775 3862 898 3946 fingere
919 3881 1017 3946 quam
1039 3862 1101 3927 sibi
1124 3879 1253 3946 parare.
1279 3860 1493 3926 Architectum
1515 3862 1598 3926 mibi

185 3984 292 4051 videre
310 3986 421 4051 videor
442 3988 513 4071 qui,
538 3989 656 4053 omissa
678 4005 827 4053 saxorum
850 3988 1065 4054 emendorum
1088 4004 1181 4068 cura,
1205 3984 1285 4051 nibil
1302 3986 1342 4050 ad
1360 3986 1597 4064 aedificandum,

186 4110 249 4175 nisi
263 4109 384 4193 lapides
402 4110 580 4195 quadrandi
595 4118 627 4176 et
645 4111 848 4177 omnifariam
863 4111 1003 4177 caedendi
1017 4111 1174 4193 laborem,
1195 4111 1272 4175 utile
1286 4130 1356 4176 esse
1370 4111 1549 4176 contendat.

225 4235 263 4301 llt
283 4237 317 4299 in
337 4237 536 4300 manumitti
558 4244 606 4301 est
629 4236 776 4320 quaedam
795 4238 940 4300 Narratio
960 4239 995 4300 dc
1012 4238 1116 4300 Jocobo
1134 4239 1330 4319 luccioloto⁸‚
1351 4236 1384 4300 in
1405 4255 1467 4321 qua
1486 4255 1598 4320 repre·

185 4360 337 4425 henditnr
349 4360 436 4443 quod
455 4361 495 4425 ad
511 4360 648 4426 ferream
661 4379 764 4444 usque
778 4360 885 4426 latina
901 4361 1022 4444 linguae
1037 4367 1162 4426 aetatem
1178 4360 1387 4426 descenderit.
1409 4389 1423 4416 ι
1439 4361 1597 4437 Alterum,

188 4485 274 4569 quod
289 4484 432 4564 offendit,
453 4485 513 4550 hoc
532 4491 581 4550 est
599 4486 685 4570 quod
702 4486 888 4551 Iericorum
908 4505 1042 4553 suorum
1066 4488 1148 4551 fines
1168 4486 1253 4552 ultra
1273 4486 1438 4551 latinitatis
1455 4504 1545 4569 pura
1566 4495 1598 4551 et

220 4739 242 4789 l.
259 4736 375 4787 Praeiatio
392 4734 419 4785 in
435 4733 558 4786 schsllori
576 4732 695 4798 Lexicon,
717 4749 741 4800 p.
755 4739 810 4789 698.
832 4736 948 4798 (Doridis
965 4737 1112 4789 Ruhnkanii
1129 4737 1251 4802 opuscula
1263 4735 1325 4787 varii
1343 4732 1496 4799 argumenti.
1513 4732 1597 4784 Editio

186 4823 274 4877 altera.
286 4827 367 4888 Lugd.
381 4826 470 4874 Batav.
484 4824 564 4884 ista.)

218 4918 241 4965 2.
259 4911 514 4975 carobrube,1ato.
1190 4905 1212 4944 ⁹

219 5009 242 5054 3.
260 5000 367 5067 Scripsit
382 5000 488 5052 carolus
501 5001 622 5053 Natusab.
638 5002 753 5062 brada,
771 5007 838 5075 taso,
