3542 5550
140 1714 264 1781 SABm,
284 1704 364 1779 onis,
381 1723 425 1767 m.
442 1702 567 1780 Subulo,
583 1702 726 1773 sabulum
739 1702 823 1786 (gall.
881 1701 993 1784 cipere.
1013 1703 1153 1765 Dracont.
1174 1703 1266 1766 Laud.
1290 1704 1366 1766 Just.
1386 1708 1417 1778 4,
1436 1707 1506 1765 334.
1524 1699 1603 1763 Gra·

98 1793 454 1873 444144).1’44.4’441.4,
473 1799 520 1870 lo,
533 1800 562 1857 5.
574 1790 730 1874 Quidquid
740 1811 823 1868 sexa,
879 1790 938 1880 tior
955 1790 1085 1873 Augusti
1105 1809 1231 1857 servans
1255 1791 1307 1874 pia
1327 1809 1402 1874 gaza
1421 1789 1534 1854 sacelli.
1553 1787 1601 1852 Cf.

99 1882 197 1966 sablo,
211 1881 319 1961 calces,
331 1881 439 1964 argilla
453 1891 586 1944 tuentur.
602 1881 692 1945 61444.
708 1882 823 1945 Hildeb.
880 1884 975 1961 0444.
995 1880 1027 1942 44
1042 1900 1071 1944 v.
1089 1900 1215 1961 444444,
1232 1902 1266 1946 4.
1284 1889 1314 1945 4.
1333 1916 1372 1931 -
1387 1879 1489 1944 Simili
1503 1897 1605 1945 errore

98 1971 262 2047 Sabnlum,
278 1990 403 2035 arenam
417 1971 463 2034 vel
480 1970 647 2034 sablonem.
662 1968 710 2031 Cf.
729 1971 823 2050 0444.
880 1969 1068 2034 scribebatur
1082 1974 1270 2037 sacellarius.

138 2058 345 2136 4444411144,
362 2060 395 2136 44,
411 2081 454 2123 m.
471 2059 527 2132 Qui
544 2079 646 2124 saccos
660 2062 707 2123 vel
724 2059 825 2123 cribra
920 2054 1092 2134 4441411114,
1107 2080 1143 2136 e,
1160 2060 1183 2123 f.
1200 2059 1328 2124 Femina
1340 2059 1492 2125 sacerdos.
1505 2058 1601 2122 14444.

99 2151 221 2217 coniicit
238 2150 323 2234 (gall.
343 2151 513 2232 boiaselicr).
529 2150 619 2214 illesa.
637 2151 732 2229 cyril.
747 2151 825 2211 Σακ-
861 2154 987 2231 etsie,
1008 2150 1191 2228 441144444,
1209 2170 1242 2216 4.
1261 2156 1328 2216 144.
1345 2148 1489 2213 Sallustia
1502 2147 1604 2213 Victo-

97 2241 246 2317 κοπλόκος,
265 2239 506 2326 444444444144
519 2239 603 2303 hunc
614 2258 739 2303 sensum
750 2239 826 2302 refe·
880 2241 937 2316 rie,
955 2241 1081 2302 sacerda
1097 2258 1222 2320 magna.

98 2329 196 2393 rende
209 2332 307 2394 lotor.
324 2331 401 2392 0441.
418 2349 450 2394 4.
466 2335 566 2394 41164
583 2355 598 2386 ι
610 2328 712 2392 Julius
725 2327 826 2393 Victor
919 2323 1239 2407 sdcssttbd'tdnitett,
1251 2328 1320 2392 ads.
1332 2327 1413 2390 ldore
1426 2323 1603 2391 sacerdotis.

97 2417 822 2503 444444444444444444444444141444144.
879 2422 986 2498 Prosp.
1005 2420 1046 2481 Dc
1067 2421 1131 2482 Vite
1150 2422 1305 2498 44414441.
1328 2424 1354 2496 1,
1371 2425 1421 2480 45.
1439 2415 1498 2480 Sed
1513 2414 1607 2497 quid·

97 2509 165 2573 Non
181 2508 263 2573 enim
277 2507 328 2571 hic
341 2508 453 2592 agitur,
468 2527 518 2573 me
527 2508 652 2592 quidem
662 2503 776 2591 judice,
787 2508 825 2573 dc
878 2508 953 2591 quid
966 2507 1026 2571 sibi
1039 2505 1443 2572 sacerdotaliterviventibns
1454 2503 1607 2587 4144444-

98 2598 455 2681 ecquisacooeportal.)
706 2596 708 2601 ’
878 2597 1018 2661 centibus
1027 2597 1154 2662 honoris
1164 2597 1362 2681 impenditur.
1371 2597 1405 2661 S.
1414 2596 1500 2674 6444.
1509 2596 1604 2675 Epist.

139 2683 337 2763 succinunt,
354 2684 514 2765 44144.
532 2688 584 2749 Or.
604 2693 654 2763 40,
670 2693 701 2750 3.
718 2686 826 2749 Saoce·
878 2693 915 2764 4,
940 2694 989 2750 34.
1011 2688 1045 2748 ln
1066 2698 1215 2770 qnantum
1239 2685 1465 2750 sacerdotaliter
1488 2684 1603 2748 vivunt.

24 2795 29 2802 ·
98 2788 163 2841 tum
189 2778 289 2860 liquor
307 2785 353 2840 cst
376 2795 461 2859 aquae
482 2774 547 2838 feci
568 2775 630 2838 vini
654 2775 823 2852 admixtus,
878 2778 958 2840 ibid.
974 2782 1004 2852 8,
1020 2782 1073 2848 48ς
1098 2784 1146 2852 10,
1161 2785 1209 2857 35,
1224 2772 1452 2860 4144444401.
1469 2775 1561 2853 0444.

98 2885 186 2930 sacco
210 2885 371 2948 expressus
388 2865 474 2949 (gall.
498 2867 649 2948 44444114).
666 2863 713 2929 ct.
732 2867 823 2945 0444.
919 2864 1189 2945 444114Β14ῘΤ1111,
1206 2867 1275 2931 adv.
1291 2867 1325 2929 ln
1340 2865 1465 2929 modum
1482 2884 1602 2928 sacrum

138 2954 407 3034 8444444441114,
421 2956 453 3038 ii,
470 2975 514 3021 m.
529 2955 609 3019 Fisci
623 2963 741 3032 custoa3
756 2974 824 3038 pro-
879 2975 932 3020 seu
948 2955 1162 3039 periculosum.
1179 2957 1283 3019 Tbcod.
1301 2959 1397 3019 Prisc.
1414 2963 1444 3031 4,
1462 2961 1491 3016 4.
1506 2953 1545 3018 Et
1554 2971 1604 3017 sa·

98 3047 286 3111 44441444.
312 3046 398 3127 drop.
425 3049 520 3127 44444.
550 3052 581 3122 4,
608 3051 656 3108 34.
682 3044 767 3108 Sicut
791 3047 823 3109 in
879 3045 1032 3109 orabiliter
1047 3056 1190 3127 spumant
1207 3043 1392 3128 (epileptici).

99 3135 252 3198 Ravenna
277 3133 416 3216 pertibus
447 3133 642 3198 dominorum
674 3132 822 3215 pietas....
920 3131 1165 3210 SACRIMENSIS,
1192 3135 1243 3215 is,
1261 3155 1303 3198 m.
1325 3134 1448 3197 Festum
1469 3131 1603 3197 ineuntis

99 3223 309 3287 saccellarium
328 3221 436 3301 habet,
461 3222 527 3305 qui,
552 3221 653 3285 causis
677 3241 824 3304 superve-
880 3222 1602 3304 mensis.Glosedyritfbpopnstc,sacrimentis.

98 3311 269 3388 aientibus,
286 3310 482 3394 quotidianas
497 3330 644 3395 expensas
662 3310 767 3388 iaciat,
780 3311 823 3374 ite
919 3308 1188 3389 SAEct'tLdRiTER,
1211 3312 1280 3376 adv.
1303 3311 1338 3375 ln
1359 3331 1472 3375 morem
1488 3310 1601 3375 seculi.

17 3443 19 3448 ,
99 3401 173 3466 etin
188 3399 246 3462 hac
260 3400 335 3479 urbe
349 3399 381 3462 in
395 3398 497 3463 causis
513 3395 625 3462 talibus
637 3418 743 3463 eorum
757 3419 822 3463 sac·
880 3402 1024 3482 0444444.
1049 3402 1165 3464 Testim.
1190 3408 1220 3479 3,
1246 3408 1296 3464 36.
1320 3400 1477 3464 Mulierem
1500 3399 1603 3463 ornari

68 3495 71 3500 ’
98 3486 724 3571 44444444444444144144444444444
747 3490 823 3552 scri·
880 3489 1064 3552 seculariter
1092 3508 1153 3552 non
1176 3488 1305 3554 debere.
1340 3490 1445 3568 Prosp.
1476 3490 1515 3552 De
1546 3491 1601 3552 to.

98 3577 214 3642 444444
233 3577 441 3659 emebertus.)
461 3576 509 3639 Gi.
533 3577 626 3656 0444.
650 3575 681 3638 in
704 3594 732 3640 r.
755 3595 825 3642 444-
879 3581 1035 3656 4444441.
1051 3585 1080 3655 4,
1096 3582 1186 3655 Pcaet.
1201 3577 1287 3650 Quod
1302 3577 1488 3641 seculariter
1501 3577 1604 3641 riven-

98 3683 174 3745 444,
194 3687 227 3731 n.
244 3673 274 3729 4.
291 3666 480 3730 1444141.
497 3684 526 3729 v.
545 3682 707 3731 44444444.
879 3670 956 3732 tium
971 3680 1087 3730 mentes
1104 3665 1247 3731 offendat.
1263 3665 1310 3728 Cf.
1323 3668 1414 3747 6444.

139 3767 322 3833 bodeclee,
331 3754 353 3818 f.
366 3754 488 3820 Saccus.
500 3757 589 3819 dieas.
602 3756 696 3835 cyril.
707 3755 822 3834 Σάκκος,
920 3752 1165 3834 sAEchdRIUs,
1189 3775 1224 3837 4,
1248 3776 1318 3834 nm,
1344 3756 1408 3838 adj.
1429 3755 1602 3820 secularis.

100 3847 215 3918 saccio,
235 3865 351 3909 saccus.
376 3844 473 3926 (idem
487 3845 645 3929 exscripsit
661 3846 769 3929 6444.)
784 3877 843 3893 -·
878 3846 984 3910 414144.
1002 3848 1080 3911 Aoit.
1102 3848 1158 3925 Ep.
1182 3854 1209 3910 1.
1228 3846 1306 3909 Nam
1320 3866 1416 3928 genus
1431 3845 1488 3909 hoc
1502 3843 1604 3909 nomi·

99 3939 289 4002 4144414444
301 3956 399 4020 genus
410 3936 548 4000 videmus
558 3935 593 3998 in
602 3955 632 3998 r.
646 3937 823 4001 beurene.
879 3938 930 4000 nis
947 3936 1037 4000 etiam
1052 3935 1084 3998 in
1100 3936 1267 4000 seculariis
1281 3936 1505 4000 auctoribus....
1522 3935 1604 4000 inre·

140 4024 328 4102 sanctum,
351 4045 387 4103 4,
410 4044 482 4104 um,
505 4023 570 4107 adj.
591 4023 682 4088 Saoce
701 4025 823 4089 similis.
880 4026 983 4092 nietie.
996 4025 1091 4091 -De
1108 4026 1252 4090 vocabulo
1268 4026 1393 4102 dubito,
1414 4025 1468 4088 etsi
1491 4023 1604 4106 duplex

105 4120 189 4198 tute.
210 4118 318 4180 chcb.
343 4122 396 4194 13,
418 4122 447 4178 3.
465 4114 527 4178 Nec
542 4113 715 4196 operientur
731 4114 825 4198 pallio
880 4135 959 4200 sepe
979 4115 1077 4179 estin
1096 4115 1208 4179 talibus
1231 4115 1405 4179 declinatio.
1427 4113 1489 4178 Sed
1507 4114 1603 4176 miror

101 4207 232 4271 4444444.
246 4204 294 4267 Cf.
309 4204 402 4284 0444.
416 4203 449 4266 in
462 4224 491 4267 r.
504 4220 643 4268 4444444.
879 4205 961 4293 quod
983 4208 1156 4271 4444144444
1177 4225 1239 4268 444
1265 4204 1336 4268 alibi
1363 4204 1548 4287 reperiatur,
1574 4209 1604 4263 et

142 4293 391 4371 4444444444,
407 4313 450 4357 m.
462 4293 533 4357 llid.
549 4311 783 4359 succentarios.
878 4296 975 4379 cogito
990 4295 1137 4379 syllabam
1153 4298 1206 4360 bur
1220 4293 1433 4379 compendiose
1445 4293 1477 4356 in
1488 4290 1602 4356 codici·

139 4383 324 4460 44444140,
344 4384 428 4460 4444,
449 4403 492 4448 m.
519 4384 632 4447 Titome
652 4386 822 4449 1444444.
880 4385 937 4449 444
952 4385 1042 4449 scribi
1057 4386 1159 4448 :unde
1173 4386 1317 4468 frequens
1330 4402 1426 4446 error.
1609 4381 1612 4390 ⁴

101 4480 163 4552 lot.
182 4498 215 4561 p.
236 4484 301 4540 194.
318 4472 448 4541 Edituus
463 4475 542 4558 (sio),
556 4486 657 4540 custos
671 4476 758 4557 edis,
771 4477 826 4540 fle·
919 4473 1100 4560 SAEvil'Itts,
1119 4476 1160 4554 ei,
1181 4474 1203 4536 f.
1230 4473 1362 4538 Sevitie.
1383 4473 1499 4535 Thema
1518 4474 1600 4537 lbos.
1686 4481 1688 4485 ’

102 4587 188 4650 men,
205 4565 338 4629 sacellio.
878 4570 1029 4631 444441.
1048 4588 1080 4649 p.
1099 4571 1169 4629 545.
1189 4561 1407 4637 4444444144,
1427 4581 1471 4636 e,
1491 4571 1520 4623 et
1534 4561 1603 4624 ileo

141 4651 329 4732 sinamus,
347 4650 659 4736 4.,444444444,
679 4653 826 4732 4411-
879 4656 1028 4735 saevities,
1051 4655 1090 4718 ei.
1114 4657 1176 4718 141.
1208 4656 1303 4718 tator.
1328 4653 1411 4715 444.
1442 4651 1516 4713 ooo.
1550 4657 1599 4713 44.

92 4746 177 4810 ,14444
193 4764 251 4830 pro
275 4744 426 4808 Seccellus
444 4745 632 4826 (thesaurus,
652 4744 769 4827 fiacus).
789 4745 821 4807 S.
880 4742 968 4808 Prius
982 4755 1149 4809 memorata
1162 4743 1291 4807 sevities
1303 4739 1519 4803 animantium.
1533 4741 1599 4805 l'cc.

104 4836 188 4915 4444.
202 4836 297 4915 44441.
316 4841 363 4911 14,
377 4841 427 4898 tt.
441 4834 594 4907 Quatenus
604 4832 714 4898 oblatis
727 4832 761 4896 in
776 4852 824 4896 sa·
878 4837 957 4898 Atto.
977 4840 1024 4909 ll,
1043 4839 1089 4897 14.
1107 4832 1165 4896 Per
1176 4830 1321 4895 sevitiam
1335 4839 1364 4892 et
1378 4829 1484 4891 luxum
1499 4825 1602 4910 adegit

103 4922 459 4990 celtacensnstadinibus
472 4923 824 4990 honoresmaraaturao·
879 4922 1019 4988 Parthos.
1039 4919 1104 5003 (Sic
1121 4931 1200 4987 recta
1218 4921 1317 4984 3444.
1336 4916 1448 4986 Vocem
1466 4915 1603 5001 agnoscit
