3542 5550
628 803 1073 964 annuunt

207 1201 802 1420 LEXICIS
905 1195 1487 1417 urriols

433 1663 472 1672 —-·
483 1642 1267 1683 ww

816 1998 875 2146 l

135 2278 314 2360 17770770,
340 2281 427 2356 onis,
455 2280 478 2346 f.
504 2280 645 2359 Erectio,
669 2280 819 2364 depulsio.
879 2281 985 2345 doctus
1003 2293 1181 2366 acutosque,
1197 2293 1226 2346 et
1239 2280 1278 2346 de
1299 2278 1479 2364 pervetustis
1501 2276 1598 2362 poetis

98 2371 189 2437 Glorc.
215 2374 313 2451 Curii.
342 2370 499 2449 ’Eldccre,
525 2370 670 2453 abjectio,
694 2369 820 2433 abactio.
877 2370 1108 2437 benemeritus.
1127 2370 1162 2435 ld
1184 2390 1219 2435 ex
1240 2370 1334 2434 variis
1354 2369 1534 2434 lectionibus
1559 2369 1599 2431 od

99 2461 216 2523 tooure
234 2462 318 2523 Thea.
335 2479 405 2523 που.
425 2462 488 2525 lat.
507 2479 538 2542 p.
555 2466 604 2524 29.
620 2460 684 2542 Ago
700 2476 823 2541 compo·
879 2463 1082 2539 ientaculum,
1111 2463 1151 2524 od
1171 2462 1366 2535 berceolum,
1396 2460 1599 2523 odecmutlum

98 2550 183 2612 nitur
197 2549 346 2632 bbigm„
362 2549 400 2611 Et
414 2549 478 2612 haec
490 2548 625 2612 Abactio.
879 2548 1005 2612 feliciter
1026 2549 1115 2613 eruit.
1135 2550 1200 2613 Etsi
1221 2549 1356 2633 apposite
1373 2548 1479 2611 laudat
1497 2567 1526 2612 r.
1550 2549 1600 2609 ob-

135 2634 374 2703 ItBARTdNUtt.
394 2636 464 2705 llid.
478 2654 697 2704 resumens.
873 2640 1068 2718 Jectcculum,
1079 2638 1257 2722 conjecturae
1270 2636 1505 2702 obessevidetur
1515 2633 1598 2720 quod
1725 2690 1728 2695 .

138 2724 330 2810 ABFdREM,
348 2747 402 2808 eo,
424 2739 471 2806 et,
493 2727 615 2813 imperi.
634 2727 716 2813 subj.
741 2728 820 2792 Boot.
878 2748 990 2793 nomeu
1013 2728 1050 2792 ab
1074 2727 1175 2813 ignoto
1193 2728 1283 2792 verbo
1306 2730 1451 2807 objectare
1471 2725 1598 2804 delluat,

99 2818 218 2882 donor.
239 2825 273 2894 3,
299 2819 385 2881 Prot.
404 2824 434 2882 2.
458 2817 514 2880 Cui
538 2819 565 2880 si
586 2816 663 2900 quid
688 2815 821 2893 abforet,
878 2837 974 2899 quum
990 2820 1167 2903 pervulgata
1184 2818 1245 2880 sint
1258 2819 1599 2897 obJ'ectore,coojertore,

98 2925 257 2970 summurn
273 2925 415 2974 essenon
430 2918 541 2991 posset.
557 2940 597 2954 -
608 2906 736 2969 Perrara
754 2906 823 2990 ejus
879 2906 1271 2986 ejectore,etc.llludtamen
1281 2904 1602 2989 exstitisse‚glosseria

98 2997 247 3080 temporis
276 2996 394 3075 forma,
427 3016 521 3080 quarn
554 3013 680 3080 prorsus
712 2996 823 3058 omittit
878 3007 1051 3061 testantur:
1072 3016 1140 3079 que
1156 2998 1338 3060 translatum
1364 3015 1490 3060 sensum
1513 2993 1602 3058 exbi-

97 3086 238 3162 Forcctl„
248 3086 348 3149 citatis
361 3084 498 3169 ejusdem
510 3085 594 3149 verbi
606 3083 708 3149 modis
720 3087 823 3165 abfore
878 3086 963 3166 bent,
972 3085 1037 3150 scil.
1051 3086 1202 3170 abjectum
1211 3087 1258 3150 vel
1269 3095 1474 3169 contemptum
1487 3083 1598 3148 facere.

98 3187 127 3242 et
138 3179 340 3254 'abfuturum
878 3175 969 3238 Glosc.
980 3187 1036 3239 oet.
1049 3177 1081 3239 S.
1097 3178 1203 3239 Genoo.
1215 3175 1385 3259 Abjectare,
1398 3171 1601 3238 contumelia·

137 3275 297 3342 ABFUAT,
313 3262 436 3346 antique
454 3260 823 3347 presbeterorum
878 3283 922 3342 re,
934 3263 1103 3328 conviciare
1123 3264 1200 3346 (ric).
1221 3266 1311 3328 Glosc.
1332 3266 1409 3344 Pup.
1429 3261 1598 3345 rhoean,

98 3357 194 3418 Amic.
221 3360 270 3420 74.
301 3351 456 3427 Quantum
479 3351 518 3416 ab
542 3352 595 3417 illo
619 3353 736 3419 euimiae
762 3353 822 3420 elo·
879 3353 1045 3437 increpare.
1059 3352 1599 3437 dlorsoruerap.Conudbjectare,

98 3443 231 3526 quentiae
246 3442 312 3506 viro
328 3441 444 3507 abluat.
878 3441 1046 3526 increpare,
1064 3443 1205 3507 invehere
1219 3444 1294 3523 (imo
1316 3442 1432 3525 invehi)
1447 3441 1492 3505 rel
1507 3440 1602 3505 male·

137 3528 332 3611 maenum,
359 3552 392 3610 e,
414 3530 477 3615 adj.
506 3530 678 3609 Horridus,
709 3531 819 3600 foedus
877 3530 987 3608 dicere,
1000 3544 1056 3595 etc.
1074 3532 1172 3596 Etiam
1188 3535 1441 3611 adjuramentum
1452 3531 1601 3595 hactenus

98 3623 188 3691 Glors.
203 3626 279 3690 leid.
303 3633 333 3686 et
355 3624 446 3687 Gbrs.
465 3623 545 3685 ruo.
570 3621 707 3698 Aborris,
730 3642 821 3685 seen·
878 3620 1014 3703 ignotum
1042 3634 1117 3686 erat.
1141 3624 1239 3684 Bocota
1265 3620 1507 3686 emendationem
1535 3640 1602 3684 am·

98 3710 235 3777 dolosus.
249 3710 376 3784 -Qnae
391 3731 444 3775 vor
462 3730 525 3775 non
540 3710 639 3793 magis
654 3706 821 3796 rejicienda
875 3711 984 3791 plexus
1007 3721 1053 3775 est
1078 3712 1116 3776 V.
1144 3710 1187 3775 (ll.
1208 3712 1340 3787 Nuudat,
1360 3710 1391 3772 in
1423 3711 1602 3776 Bibliotheca

97 3798 439 3881 Porcelliooluitquam
453 3801 626 3863 Abhorride.
875 3803 999 3865 oloreieo
1014 3803 1119 3878 lutino,
1136 3801 1185 3864 ed.
1202 3805 1346 3865 bontra.

134 3885 305 3968 ᾸΒΙΝΤῦε,
316 3888 385 3954 adv.
403 3889 450 3952 Ab
464 3889 607 3953 interiore
621 3899 717 3972 parte.
732 3889 818 3970 Volo.
915 3901 1081 3967 ΑΒ771070,
1096 3909 1142 3964 as,
1157 3909 1219 3968 are,
1236 3911 1264 3954 a.
1278 3888 1348 3953 Vid.
1365 3911 1392 3953 v.
1408 3889 1536 3974 praeced.

97 3979 188 4045 llere.
217 3988 250 4058 7,
274 3986 326 4044 23.
357 3976 470 4043 Omnia
496 3978 562 4042 baec
587 3977 669 4042 mala
697 3977 820 4043 abintus
916 3977 1135 4057 ABJURr'tTOR,
1150 3980 1228 4057 oris,
1243 3999 1287 4046 m.
1307 3978 1365 4052 Qui
1381 3980 1513 4064 abjurat.
1531 3982 1599 4045 das-

98 4069 279 4153 procedunt.
304 4070 381 4133 Aut.
403 4070 440 4133 lo
458 4069 572 4131 Psolm.
599 4074 650 4131 74.
676 4067 733 4130 llic
752 4086 820 4131 om·
875 4069 950 4131 aiod.
970 4070 1040 4133 Ver.
1061 4076 1108 4144 ll,
1125 4076 1156 4150 3,
1169 4071 1210 4132 acl
1228 4071 1284 4149 fio.
1303 4069 1370 4133 Non
1384 4090 1454 4133 sum
1468 4069 1599 4136 callidus

98 4175 167 4223 rtem
186 4158 319 4243 gloriam
339 4157 409 4221 filia
429 4161 511 4240 regis
531 4156 653 4221 abintus
672 4175 741 4220 esse
757 4159 821 4221 vult
876 4156 1042 4240 abjurator.
1063 4161 1142 4222 lbid.
1155 4166 1186 4237 3,
1205 4160 1387 4224 3211177011.
1408 4161 1534 4226 Dietiorr.
1549 4168 1596 4225 18.

98 4247 362 4332 inpenetrabbus
385 4247 508 4311 mentis
535 4249 685 4311 Comuwd
712 4253 763 4322 64,
788 4254 817 4309 2.
875 4246 913 4310 Et
930 4247 1055 4331 privetae
1077 4247 1278 4330 abjuratorem
1299 4249 1470 4314 dulcedinis
1490 4249 1599 4316 immo-

97 4337 257 4423 Ertingnis
286 4349 316 4401 te
348 4337 461 4422 ipsum,
488 4337 611 4419 qnando
628 4346 657 4400 te
680 4296 819 4400 inceddis
874 4333 981 4400 derata
995 4337 1150 4402 nuntiaret
1161 4338 1281 4404 erectio
1291 4339 1386 4405 -De
1398 4336 1512 4404 verbo
1504 4340 1597 4423 rgitur

99 4426 230 4491 abintus.
252 4428 341 4508 Grau.
372 4427 445 4490 Tur
473 4425 684 4489 1117717641.
716 4431 818 4504 1,30.
874 4424 988 4489 frustra
1016 4426 1134 4490 dubitat
1160 4428 1290 4495 Fortun.
1297 4428 1408 4514 ,prins
1431 4429 1597 4495 Omaiodorr'

98 4514 228 4580 Abintus
243 4515 331 4583 enim
356 4513 395 4577 de
415 4513 533 4577 minuto
549 4514 651 4597 lapide
674 4512 732 4578 fuit
751 4513 820 4597 (de·
874 4516 1045 4599 exemplum
1062 4517 1204 4582 afferens.

98 4603 243 4690 labrum).
256 4603 411 4668 -Etiam
426 4601 549 4667 durum
562 4601 717 4668 scribitur
914 4605 1088 4684 ABLUTUS,
1102 4625 1131 4686 a,
1147 4626 1213 4685 um,
1228 4619 1307 4691 part.
1321 4606 1506 4691 Baptizatur.
1522 4607 1593 4674 Cod.
1643 4600 1645 4604 ’

133 4688 433 4768 numerumn,
460 4692 486 4768 i,
509 4711 543 4757 n.
564 4693 626 4757 Res
648 4690 821 4775 abjicienda
875 4696 1108 4774 1171011766,
1129 4703 1158 4762 4
1182 4696 1329 4761 Homines
1352 4697 1445 4761 semel
1468 4715 1595 4763 munere

97 4782 172 4862 (scil.
183 4783 222 4849 de
236 4801 335 4868 puero
350 4779 558 4865 projiciendo).
573 4783 673 4845 Plorat.
695 4783 847 4856 Trucul.¹
873 4783 1048 4850 Divinitatis
1066 4786 1195 4852 ablutos.
1210 4787 1366 4852 -Novus
1386 4805 1495 4851 sensus
1519 4786 1595 4850 affe·

98 4880 123 4945 2
138 4880 168 4950 7
182 4881 231 4938 33.
245 4873 351 4955 Hujus
364 4879 451 4954 pater
462 4889 548 4955 pueri
538 4870 621 4934 rllrc
633 4881 706 4935 est
722 4891 847 4972 usque
845 4859 989 4942 rendus
1002 4873 1120 4938 rnrhr
1091 4894 1177 4941 usus
1190 4888 1247 4941 est

99 4960 314 5046 abjectaculum
340 4958 441 5024 iussit
459 4957 563 5025 ali.-
578 4960 628 5025 Sic
649 4961 753 5040 Bothe,
775 4962 819 5026 vir
915 4963 1080 5042 AELUVIO,
1095 4964 1174 5045 onis,
1193 4964 1472 5030 feniculensis.
1491 4965 1590 5030 Flucc

1422 5080 1435 5137 l
