3542 5550
571 1695 1086 1832 limatulo.

152 2583 228 2647 Non
250 2579 294 2643 ab
309 2597 346 2643 re
367 2578 448 2643 mibi
463 2578 569 2643 visum
583 2584 631 2642 est
648 2576 750 2642 multa
760 2574 924 2653 vocabula,
940 2594 1013 2660 quae
1028 2577 1144 2660 longus
1158 2578 1350 2660 scriptorum
1364 2577 1537 2644 latinorum

117 2722 195 2768 usus
209 2721 272 2788 per
285 2701 417 2784 triginta
430 2701 569 2785 amplius
584 2718 686 2765 annos
699 2699 780 2764 milri
794 2700 964 2784 suggessit,
975 2700 1125 2766 hactenus
1138 2701 1173 2765 in
1187 2702 1306 2767 Loxicis
1317 2701 1464 2779 omissa¹,
1479 2701 1542 2767 ool·

123 2830 220 2913 ligere
237 2846 274 2894 ac
292 2826 413 2910 publici
431 2825 516 2909 juris
538 2826 651 2892 lacere.
667 2825 969 2890 Praestantissimum
987 2825 1201 2892 l'oroellinum
1219 2845 1318 2911 quum
1338 2845 1450 2892 omnes
1468 2827 1536 2891 sin·

123 2954 225 3037 galeri
246 2953 371 3018 bonore
391 2957 642 3035 prosequantur,
662 2968 756 3016 nemo
778 2950 881 3032 magis
903 2951 1040 3015 miratur
1061 2968 1158 3035 quam
1179 2951 1236 3035 qui
1257 2950 1403 3017 eamdem
1422 2952 1541 3016 insistit

121 3078 222 3154 riam,
243 3083 343 3161 atque
358 3094 396 3141 ex
412 3076 482 3158 ejus
498 3074 662 3139 diuturnis
685 3075 962 3141 lucubrationibus
983 3073 1165 3141 uberrimos
1185 3074 1307 3139 fructus
1325 3081 1416 3158 grato
1429 3078 1540 3142 animo

126 3202 272 3284 percepit.
301 3200 363 3274 Qui
389 3198 520 3283 quidem
538 3198 775 3282 amplissimum
796 3199 985 3264 thesaurum
1006 3216 1066 3282 pro
1079 3176 1177 3262 ¹virili
1194 3206 1286 3281 parts
1306 3199 1460 3279 coniecit;
1484 3200 1540 3267 sed

124 3343 222 3409 quum
243 3324 355 3390 omnia
370 3324 567 3407 perquirere,
588 3324 623 3388 iu
639 3341 740 3389 unum
758 3340 883 3406 cogere,
900 3329 932 3388 et
950 3323 1127 3388 accuratius
1140 3322 1298 3405 digerere,
1314 3323 1540 3390 brevissimum

120 3450 270 3515 bumana
286 3449 361 3513 vitae
374 3447 515 3531 spatium
529 3464 594 3511 non
608 3417 731 3523 siverit,
748 3465 830 3530 opus
849 3465 946 3513 suum
963 3446 1103 3529 augendi
1119 3449 1316 3530 provinciam
1335 3465 1462 3514 necesse
1480 3449 1541 3514 luit

119 3582 156 3641 ut
176 3573 369 3658 postfuturis
390 3571 598 3656 relinqueret·
621 3573 708 3636 Hanc
728 3571 855 3654 egregie
877 3571 1016 3654 suscepit
1040 3570 1252 3649 llurlanettus‚
1276 3559 1377 3637 altera
1397 3571 1540 3636 Patavini

120 3697 287 3766 seminarii
304 3696 419 3781 gloria,
438 3695 494 3781 qui
509 3695 592 3760 mira
609 3694 768 3760 industria
785 3695 896 3777 patriar
917 3696 1014 3760 messi
1031 3694 1264 3778 pulcherrimos
1279 3665 1434 3779 mergites
1447 3714 1539 3762 accu-

20 3835 23 3922 l
119 3820 267 3885 mulavit.
287 3819 349 3885 Nec
361 3819 627 3885 contemnendam
645 3821 686 3885 iis
700 3819 814 3885 studiis
828 3837 960 3902 operam
983 3819 1129 3885 adhibuit
1143 3820 1266 3903 Anglus
1285 3820 1540 3904 Lexicograpbus

21 3933 24 3966 l
119 3944 239 4027 Bsiley,
267 3944 361 4026 cujus
385 3943 602 4010 additamenta
627 3944 702 4027 (etsi
726 3945 811 4009 locos
834 3960 899 4008 non
923 3945 1000 4009 satis
1022 3962 1172 4027 expresse
1191 3945 1320 4023 indicat,
1345 3951 1378 4010 et
1395 3953 1540 4011 auctores

119 4067 222 4132 nimio
237 4066 431 4133 recentiores
437 4068 577 4151 attingit)
592 4068 625 4132 in
635 4067 857 4134 Germanicam
867 4067 1091 4134 lloroelliniani
1105 4068 1210 4134 Lexici
1223 4068 1396 4135 editionem
1410 4068 1541 4135 feliciter

120 4190 243 4254 inserta
256 4198 345 4256 sunt.

160 4315 433 4399 Quotusquisque
453 4316 609 4381 lectorum
632 4323 680 4382 est
697 4317 755 4401 qui
772 4318 1005 4383 animadvertat
1027 4335 1124 4401 quam
1149 4335 1214 4383 uon
1238 4317 1373 4398 ratione,
1388 4317 1444 4383 sed
1466 4335 1540 4384 casu

120 4457 156 4505 ac
173 4446 297 4505 temere
310 4439 392 4504 varii
408 4439 507 4504 totius
520 4439 688 4508 latinitatis
706 4442 878 4526 scriptores
891 4443 932 4508 ad
949 4443 1214 4525 suppeditandum
1232 4443 1420 4507 bericorum
1440 4451 1541 4508 mate·

120 4563 204 4627 riam
222 4563 325 4627 vocati
347 4563 434 4628 sintt
453 4564 664 4638 Quantumris
684 4567 828 4648 angustis
849 4573 1033 4650 temporum
1055 4568 1201 4632 terminis
1220 4584 1301 4650 opus
1317 4584 1413 4631 suum
1427 4533 1548 4651 aliquis

154 4857 177 4907 l.
195 4853 265 4907 uiuo
281 4859 307 4906 et
321 4856 464 4921 quingenta
475 4859 604 4922 quondam
619 4859 756 4926 pollicitus,
774 4873 858 4922 nuno,
870 4859 961 4912 multis
972 4858 1120 4912 auctoribus
1132 4875 1161 4911 ex
1179 4859 1222 4911 illo
1238 4867 1349 4924 tempora
1362 4853 1481 4918 evolutis,
1497 4859 1543 4904 aut

116 4941 146 4993 in
161 4942 188 4993 id
200 4942 288 5009 ipsum
300 4944 433 5011 perlectis,
450 4952 545 5012 septem
558 4947 638 5000 millia
649 4949 702 5002 iere
715 4949 850 5002 verborum
861 4949 975 5016 praebeo,
991 4963 1022 5000 ex
1031 4948 1122 5014 quibus
1132 4947 1192 5005 ulus
1203 4955 1314 5014 quatuor
1323 4945 1415 5008 mida,
1432 4941 1545 5008 exceptis

57 5105 63 5116 Ι
119 5031 307 5085 alumnorum
317 5032 439 5098 surmus,
453 5042 601 5100 supersunt.

1361 5142 1380 5184 A
