3542 5550
170 381 216 450 68
353 395 354 399 ’
486 381 568 452 obl
1260 386 1344 456 DEG

166 529 211 593 lb.
233 537 268 606 6,
292 537 341 594 37.
361 530 439 594 blalo
461 529 641 593 hallucinari
664 541 762 594 tecum
785 530 885 598 verbis
942 534 1023 596 Acttt.
1046 539 1073 615 l,
1092 539 1139 595 11.
1155 530 1306 595 Addenda
1320 531 1461 596 similiter
1482 532 1575 597 etiam
1595 550 1663 597 cor·

166 616 332 697 senilibus,
352 639 390 681 uc
410 618 516 685 videar
536 631 631 683 artem
646 617 774 702 desisse,
792 638 885 701 quam
942 622 1024 703 poris
1043 622 1144 684 unctio
1165 620 1474 686 acdefricatio.1bid.
1491 628 1530 701 2,
1560 628 1613 698 18,
1635 631 1664 684 et

80 742 83 750 ·
165 708 411 773 concitatioribus
435 709 535 774 verbis
550 709 663 773 deflare
683 709 800 791 aliquid
820 710 885 792 jam
941 716 970 789 3,
994 718 1041 776 16.

164 817 221 860 nec
238 797 349 862 studiis
370 801 484 863 nostris
509 811 614 881 aptum
637 819 692 862 nec
711 800 839 863 viribus.
857 802 873 882 l}
981 800 1195 878 DEFUNGTIO,
1211 802 1298 876 onis,
1318 801 1339 865 l.
1358 802 1449 866 ldors.
1470 804 1553 881 Volo.
1569 800 1661 863 decli.

164 885 251 951 Neut.
263 888 418 969 Detumco,
432 891 581 953 decresco.
597 891 704 952 Arnob.
717 891 881 954 Adndcrtt.
944 897 969 964 t,
987 896 1033 953 13.
1046 891 1081 952 ln
1096 890 1146 954 die
1157 890 1362 956 defunctionis
1374 911 1447 957 suae.
1461 894 1552 956 diosa.
1564 892 1659 968 cunt.

167 984 192 1052 l,
215 996 244 1057 p.
265 983 312 1040 26.
332 977 416 1040 Unus
435 976 492 1040 luit
514 998 529 1040 e
552 978 651 1054 nobis,
669 978 757 1060 cujus
772 998 883 1041 manns
939 980 1071 1056 Τελευτή,
1085 979 1242 1060 decessus,
1257 980 1370 1060 obitus,
1384 980 1550 1046 defunctio.
1571 978 1659 1043 Conf.

161 1064 324 1129 intercutes
336 1080 364 1130 et
375 1080 538 1132 veternose
549 1067 705 1151 fugiebant
718 1071 819 1144 undae,
833 1090 885 1152 pe·
939 1067 1032 1148 Cane.

162 1154 319 1219 netrabilis
344 1155 395 1219 ille
416 1157 529 1219 vitabat
550 1156 659 1241 liquor,
685 1169 713 1222 et
734 1158 883 1239 turgentia
979 1154 1239 1238 DEGDNDRRTIO,
1256 1160 1370 1236 onis,f.
1384 1159 1508 1223 blutatio
1523 1159 1556 1222 in
1570 1157 1660 1241 pejus

160 1243 276 1306 viscera
291 1245 417 1308 salutari
439 1247 580 1311 ariditate
592 1246 755 1311 deflabant.
768 1284 810 1295 -
824 1246 884 1310 llo-
940 1245 1025 1328 (gall.
1038 1252 1266 1333 depenemr‘on).
1278 1250 1357 1314 Dect.
1368 1252 1408 1312 De
1423 1252 1511 1313 Verit.
1523 1267 1555 1330 p.
1570 1254 1658 1312 1275.

160 1351 225 1396 cem
242 1335 362 1398 exhibet
375 1337 511 1412 Forecll.,
527 1356 587 1399 uon
604 1349 703 1400 autern
719 1338 793 1400 satis
805 1355 882 1400 con·
939 1335 1114 1400 Secundum
1133 1337 1314 1402 descensum
1328 1337 1455 1404 unitatis
1472 1357 1490 1401 a
1504 1336 1659 1420 superiore

159 1420 262 1485 firmat
278 1443 375 1505 neque
394 1426 526 1509 exponit.
940 1425 978 1487 ad
994 1425 1121 1489 inferius
1133 1427 1167 1488 lit
1180 1425 1383 1510 degeneratio.

199 1512 440 1592 DEFLdeTIO,
469 1515 557 1592 onis,
583 1515 604 1578 f.
630 1514 728 1577 Floria
752 1514 880 1598 jactura.
977 1512 1212 1595 DEGENIRTUS,
1228 1518 1567 1599 comparaverim.
1587 1518 1655 1581 Ver.

160 1603 265 1665 Ambe.
282 1605 337 1681 Ep.
354 1611 383 1680 8,
400 1609 449 1665 eti.
469 1603 549 1675 Quid
563 1605 645 1666 enim
661 1604 799 1686 estquod
813 1623 881 1666 ma·
943 1610 993 1678 12,
1017 1612 1064 1669 10.
1084 1606 1267 1688 Degenietus
1290 1607 1322 1668 in
1343 1606 1497 1687 provincia
1520 1604 1659 1667 velociter

159 1689 207 1771 gis
228 1691 382 1773 publicum
401 1692 441 1755 sit
461 1713 553 1774 quum
575 1694 690 1757 oflensa
708 1694 833 1776 pudoris
853 1706 882 1756 et
939 1693 1067 1770 reddes,
1087 1713 1155 1776 quae
1176 1707 1202 1758 le
1222 1695 1299 1757 mele
1314 1694 1471 1758 distulisse
1487 1694 1655 1773 cognoscis.

158 1777 315 1842 delloratio
346 1780 551 1863 virginitatis?
576 1818 613 1829 —
638 1783 734 1856 Quem
755 1801 879 1845 sensum
977 1781 1142 1858 DEGENIO,
1156 1804 1202 1859 as,
1215 1803 1278 1859 are,
1289 1803 1317 1848 e.
1331 1783 1511 1847 Dehonesto.
1524 1783 1655 1846 Cassiod.

159 1868 278 1949 ignorat
299 1872 420 1932 Foreell.
446 1869 519 1935 lnde
544 1884 644 1935 autem
667 1871 810 1954 gallicum
826 1891 881 1934 no-
944 1873 1008 1934 l'er.
1028 1882 1063 1949 5,
1081 1881 1109 1936 5.
1125 1872 1361 1936 Contmonemus
1376 1884 1410 1935 ut
1427 1872 1657 1954 prepositorum

159 1976 229 2021 men
247 1961 430 2036 dislocation.
936 1963 1094 2024 commoda
1107 1981 1168 2025 non
1181 1982 1363 2046 prosumus,
1376 1981 1432 2025 nec
1442 1959 1594 2044 quidquid
1606 1977 1658 2022 eos

197 2045 444 2124 DEFLORRTUS,
474 2068 510 2127 a,
541 2070 615 2128 nnn,
641 2061 717 2132 part.
745 2052 877 2115 Cassiod.
937 2052 1092 2132 potestatis
1102 2052 1216 2115 habere
1230 2052 1396 2118 reverenda
1408 2054 1511 2113 sanxit
1524 2049 1658 2132 antiqui-

163 2142 229 2202 l'ttr.
256 2148 286 2217 1,
306 2142 396 2220 Praes.
415 2140 581 2205 Duodecim
601 2141 691 2206 libris
711 2141 878 2207 Gothorum
938 2150 1001 2217 tas,
1028 2140 1130 2223 aliqua
1156 2142 1354 2225 usurpatione
1376 2139 1531 2223 degenies.
1558 2138 1654 2217 (Alii,

156 2228 317 2291 historiam
332 2228 488 2292 defloratis
503 2229 756 2313 prosperitatibus
771 2231 878 2295 condi·
922 2230 1096 2306 degeneres,
1110 2231 1255 2313 deneges.)

157 2316 240 2379 disti.
255 2319 299 2379 lb.
313 2323 344 2390 tt,
356 2324 405 2379 lb.
418 2317 547 2382 Laborat
560 2319 641 2383 enim
656 2319 712 2383 hoc
727 2339 787 2383 uno
798 2322 878 2385 molo
975 2316 1338 2396 DEG1.UTT1TUs,a,um,
1348 2329 1427 2404 part.
1439 2321 1529 2382 diosc.
1540 2319 1655 2391 Paria,

158 2405 245 2470 terris
266 2405 412 2469 deflorata
431 2409 595 2489 provincia.
615 2411 663 2471 Id.
685 2411 758 2472 luat.
779 2412 875 2474 divin.
935 2408 1067 2488 Append.
1083 2408 1233 2492 Absorpta
1249 2409 1340 2490 (male
1354 2407 1515 2489 Absorta),
1534 2406 1656 2488 deglut-

155 2496 223 2559 litt.
235 2502 284 2559 28.
296 2529 336 2543 -
350 2496 416 2559 Duo
430 2498 579 2580 exempla,
594 2517 662 2581 quae
676 2498 757 2577 citat,
773 2497 877 2581 pravis
936 2497 1000 2557 tita.

156 2583 335 2648 lectionibus
350 2598 530 2651 annumerat
544 2590 665 2651 Foreell.
974 2579 1212 2661 DEGRideIO,
1225 2585 1305 2661 onis,
1322 2586 1344 2648 l.
1360 2585 1403 2647 De
1416 2583 1515 2666 gradu
1528 2581 1655 2664 deJectio

196 2673 360 2750 DEFDLIO,
381 2696 430 2754 as,
449 2696 516 2753 arc,
533 2696 561 2741 a.
583 2677 677 2740 Foliis
693 2676 776 2740 nudo
790 2678 874 2760 (gall.
936 2671 1024 2754 (gall.
1050 2675 1271 2756 depredatione).
1294 2676 1327 2738 S.
1353 2677 1437 2754 Grec·
1462 2676 1517 2751 ΕΡ.
1548 2680 1581 2748 l,
1604 2677 1652 2736 ³2·

155 2766 332 2847 defendier).
349 2767 474 2846 Entyele.
495 2787 528 2850 p.
552 2774 641 2831 2146.
663 2766 801 2843 Folium,
821 2767 878 2828 De·
935 2760 966 2823 Si
989 2760 1058 2823 talis
1077 2761 1109 2822 in
1132 2779 1167 2825 eo
1190 2762 1279 2845 culpa
1301 2763 1450 2846 reperitur
1468 2782 1536 2844 quae
1558 2780 1655 2844 usque

155 2853 240 2931 folio,
259 2854 397 2918 defaltas.
418 2856 509 2919 Gloss.
533 2857 629 2936 cyril,
653 2856 785 2934 betolio,
805 2861 883 2929 deo<
934 2850 973 2910 ad
999 2848 1247 2930 degradationem
1273 2851 1432 2916 sacerdotii
1458 2851 1653 2932 perducatur.

155 2942 283 3023 φυλλίζω,
935 2941 1035 3001 Tbom.
1054 2960 1085 3021 p.
1106 2947 1176 3005 250.
1192 2939 1383 3022 Degredo....
1399 2941 1436 3004 Et
1450 2940 1523 3005 iude
1538 2939 1654 3022 Degra·

193 3028 398 3111 DEFdRENT,
418 3032 539 3117 imperf.
562 3034 644 3118 subj.
667 3035 874 3099 ambesum.
933 3025 1267 3126 datusetchradatio.
1284 3028 1330 3092 Cs-
1348 3030 1443 3107 Cant·

153 3123 255 3185 amer.
274 3123 414 3185 lreeeem.
427 3130 456 3203 s,
471 3131 518 3185 ts.
532 3123 877 3209 Utpossitlrueuspro
971 3114 1217 3190 DEGRADATU&
1229 3136 1258 3193 a,
1274 3137 1339 3195 um,
1352 3130 1430 3200 part.
1442 3119 1524 3181 Iolao·
1541 3120 1652 3181 ceren.

153 3210 237 3291 prios
261 3230 431 3289 reservare,
456 3212 665 3296 jamjamque,
690 3214 717 3276 si
739 3214 876 3278 deforent
933 3203 971 3267 td
986 3205 1103 3283 Olymp-
1119 3222 1229 3283 cccxn,
1243 3205 1354 3269 citante
1363 3208 1491 3271 Fertor.
1505 3203 1655 3269 Nuntian-

153 3299 307 3377 remedia,
320 3300 473 3383 lapsuros,
490 3337 531 3349 -
547 3303 650 3381 [term
666 3303 876 3367 tantummodo
932 3303 976 3356 tes
996 3296 1144 3376 Asparem
1163 3295 1364 3378 degradatum
1384 3295 1424 3358 ad
1443 3294 1592 3377 privatam
1607 3294 1654 3357 ni·

153 3389 183 3450 in
199 3389 314 3452 Lenicis
330 3401 492 3472 comparet.
932 3393 1005 3446 tam.
1018 3385 1119 3445 Thout-
1134 3405 1165 3467 p·
1183 3391 1253 3448 250.

192 3475 356 3556 nerone,
379 3479 446 3544 aiv.
471 3482 496 3542 1
521 3479 584 3545 1000
607 3481 764 3545 exteriore.
789 3484 872 3561 tete.
971 3469 1158 3549 nocetne,
1188 3494 1241 3553 os,
1265 3494 1335 3551 ore,
1363 3494 1392 3539 o·
1415 3472 1520 3535 Gradu
1543 3472 1652 3555 dejicio

153 3568 256 3629 llattb.
275 3574 324 3647 23,
342 3574 391 3631 25.
406 3568 485 3642 Quia
500 3568 656 3633 mundatis
667 3570 748 3651 quod
763 3569 875 3633 deforis
931 3563 1015 3645 (gall.
1026 3564 1190 3646 depraeder).
1201 3565 1234 3627 S.
1246 3566 1341 3644 Optat.
1355 3564 1531 3627 desedisnt.
1543 3566 1650 3626 Donet.

153 3667 198 3718 est
212 3656 324 3718 calicis,
339 3658 384 3719 le.
398 3658 469 3719 een.
483 3665 512 3730 r,
529 3664 576 3737 te,
593 3669 621 3721 et
635 3657 719 3722 alibi.
738 3660 871 3722 enatae.
932 3659 968 3724 6.
987 3659 1017 3716 6.
1033 3651 1176 3714 Restabat
1197 3652 1251 3714 tibi
1269 3662 1338 3734 post
1354 3652 1575 3734 promotionem
1590 3670 1650 3715 noo

155 3747 270 3808 Certob.
286 3749 382 3810 lentie.
402 3753 431 3821 9,
447 3753 475 3809 8.
490 3747 550 3810 Nec
562 3748 624 3811 ulla
637 3759 777 3829 poterunt
788 3768 876 3811 scan—
931 3739 1033 3804 leviter
1048 3742 1221 3824 degradari·
1235 3744 1267 3805 S·
1286 3744 1371 3820 (itte-
1389 3744 1444 3822 ΕΡ·
1461 3748 1492 3813 2.
1508 3747 1556 3802 33·
1576 3738 1651 3803 0111-

153 3831 223 3894 dala
248 3833 337 3895 nobis
362 3833 476 3897 doloris
497 3834 616 3898 inlerri.
640 3837 872 3915 Pseudo-eppe,
930 3829 1652 3913 nibusmodisdegradetur(episcopus).Tbonte

152 3926 193 3988 De
209 3925 329 4004 singul.
356 3927 477 4003 elene,
495 3927 572 3989 nied.
597 3924 674 3988 Nam
694 3924 738 4002 si,
761 3924 874 3990 deforis
932 3922 1162 3986 Theoractum.
1174 3943 1204 4002 p.
1216 3917 1650 4004 250.ComponiturDegrado,

154 4032 346 4096 expugnans,
361 4017 411 4078 vix
423 4015 521 4078 muris
539 4014 709 4099 expellitur,
724 4026 873 4097 quantum
931 4029 977 4082 as,
993 4012 1013 4072 i·
1030 4031 1056 4074 e.
1077 4011 1219 4074 deorsum
1230 4007 1373 4090 degradtr
1386 4026 1476 4091 pono.
1492 4007 1538 4069 Cf.
1554 4009 1648 4086 Corte.

153 4102 279 4178 valebit,
305 4104 330 4165 si
350 4105 429 4167 intra
445 4125 548 4167 muros
569 4105 694 4169 habebit
714 4104 873 4169 habitacu-
930 4099 1051 4179 (Vocem
1067 4101 1218 4163 immerito
1231 4097 1364 4179 explodit
1378 4097 1518 4178 dotted-l
1532 4102 1547 4175 ΙΙ
1561 4096 1649 4159 Neut.

152 4190 232 4254 lum!
247 4192 321 4255 isid.
338 4195 387 4256 Or.
403 4201 451 4268 19,
464 4199 513 4256 22.
527 4193 648 4255 Etotica
660 4196 753 4255 vestis
767 4206 814 4257 est
824 4213 875 4276 pe·
929 4187 1032 4250 Gradu
1047 4186 1172 4270 dejicior
1188 4188 1343 4269 (ddcboir).
1360 4189 1479 4251 Verterat.
1495 4188 1577 4250 Fert.
1595 4188 1648 4250 Vit.

68 4348 70 4351 .
153 4281 287 4361 regrina,
303 4281 418 4344 deforis
428 4282 562 4345 veniens.
574 4284 677 4345 Tbeod.
694 4283 788 4344 Prisc.
798 4288 826 4361 tt,
840 4288 871 4361 l;
929 4278 961 4340 S.
976 4279 1084 4356 lludeg.
1104 4284 1133 4340 3.
1151 4277 1236 4354 ldeo,
1252 4277 1357 4360 juncta
1375 4275 1522 4358 principi,
1539 4275 1651 4339 timens

154 4368 254 4430 Tbern.
276 4388 305 4449 p.
323 4375 392 4433 217.
407 4371 547 4442 —Quod
565 4371 804 4453 agrammaticis
824 4391 873 4437 re·
929 4387 967 4430 ne
984 4367 1045 4430 Deo
1069 4366 1281 4450 degradasset,
1302 4384 1399 4449 quum
1422 4363 1531 4427 mundi
1552 4363 1651 4446 gradu

151 4457 360 4539 prehenditur.
377 4459 497 4522 cledon.
518 4480 549 4542 p.
570 4466 657 4525 1875.
678 4486 692 4515 ε
709 4462 832 4523 Deiectus
845 4472 875 4525 et
928 4457 1094 4539 proliceret.

152 4547 269 4625 Deseris
284 4566 345 4609 non
363 4548 512 4625 dicimus,
533 4550 606 4633 quia
622 4551 794 4632 propositio
814 4551 870 4614 ad·
969 4541 1188 4622 2262112218,
1212 4542 1289 4620 ldis,
1310 4542 1333 4608 f·
1354 4542 1493 4625 (pp‘epte).
1519 4544 1647 4606 ΜΨ·

153 4637 263 4699 verbiis
279 4636 432 4701 vocalibus
447 4638 574 4703 minine
590 4641 731 4705 sociatur.
750 4667 763 4697 ι
780 4640 873 4705 Vetus
929 4636 1062 4714 exposit.
1077 4636 1184 4697 diens.
1196 4636 1263 4697 lter.
1277 4652 1310 4716 p.
1323 4638 1393 4695 287.
1409 4631 1649 4715 Degraphidem,

151 4735 253 4789 tamen
266 4724 404 4793 Gramm.
418 4725 502 4791 ined.
517 4728 596 4794 Bibl.
610 4729 722 4812 Imper.
737 4749 770 4793 n.
785 4735 871 4812 1180,
929 4726 1112 4788 celaturam.
1134 4724 1171 4784 Et
1196 4723 1277 4806 apud
1297 4722 1471 4802 Congium:
1493 4746 1510 4777 ι
1533 4720 1649 4802 Degra·

151 4833 183 4895 p.
203 4821 270 4877 lttl.
289 4815 414 4879 «Debes
429 4815 527 4881 dicere
546 4818 680 4896 deintus,
697 4819 824 4896 deforis,
840 4829 873 4880 ut
927 4812 1058 4897 phides,
1077 4812 1226 4875 colatura.
1250 4811 1361 4895 Papias
1383 4820 1413 4874 et
1438 4806 1540 4873 Gloss.
1566 4810 1648 4874 San·

149 4902 262 4986 jungas
273 4904 511 4988 praepositiones.
530 4934 544 4961 »
927 4920 1066 4987 german.
1082 4921 1115 4965 n.
1129 4908 1199 4967 501.
1209 4928 1224 4958 ι

190 4989 413 5072 ΒΕΕΒῘΟᾸΤΙΟ,
427 4994 506 5072 onis,
522 4993 695 5059 l.Frieatio.
713 4996 782 5060 Cel.
793 4995 868 5059 tlnr.
967 4989 1240 5071 DEGRUNN10,is,
1258 4988 1313 5069 ire,
1327 5008 1361 5051 n.
1378 4986 1528 5052 Grunnio.
1543 4989 1644 5053 ΡΜ.
