3542 5550
198 448 230 492 VI
708 494 710 499 ,
811 439 997 492 usurario.

198 580 297 645 latine
312 581 463 662 scribere,
485 582 582 647 latina
601 584 715 649 saltem
737 580 917 664 intelligere
940 577 1140 663 cupientibus
1161 579 1300 645 maxime
1321 580 1363 646 sit
1384 588 1573 664 opportuna.
1594 610 1606 637 a

199 704 312 768 Merito
329 703 460 787 quidem
475 706 603 788 scripsit
616 706 764 772 Ernesti:
787 732 802 763 ι
819 705 932 771 Nizolii
950 722 1032 787 opus
1049 711 1195 769 nontam
1209 702 1250 768 ad
1264 703 1509 787 intelligendum
1525 706 1611 771 Cice·

199 844 324 907 ronem,
339 847 439 913 quam
453 829 494 896 ad
508 818 603 897 latine
614 830 773 896 scribendi
786 829 981 913 facultatem,
995 836 1214 911 comparatum
1229 830 1361 894 scimus.
1377 854 1392 884 ι
1405 827 1439 893 Si
1454 827 1486 892 id
1500 828 1611 894 Nizoiii

147 1010 152 1029 ,
199 954 366 1023 consilium
386 973 452 1020 non
467 956 576 1041 fuerit,
591 975 627 1022 ea
643 964 727 1024 certe
742 956 882 1022 lalliani
897 959 1070 1036 Apparatus
1085 954 1216 1020 utilitas.
1236 954 1303 1020 iiuo
1321 954 1552 1020 recurrendum
1571 953 1612 1018 iis

202 1080 258 1164 qui
276 1080 383 1144 latinae
411 1080 567 1146 facundiae
584 1083 724 1148 colorem
744 1083 884 1166 aliquem
899 1082 1013 1148 ducere
1027 1081 1187 1145 nituntur.

240 1198 360 1266 Verum
381 1202 551 1268 enimvero
571 1176 716 1287 tempora
730 1209 849 1287 nostra,
865 1203 1013 1268 latiorem
1028 1204 1194 1270 scientiam
1212 1203 1336 1287 adepta,
1353 1221 1474 1269 novum
1490 1203 1613 1288 ailquid

161 1393 164 1399 .
200 1335 381 1410 reposcunt,
402 1335 433 1395 et
448 1327 515 1392 vim
528 1345 622 1393 suam
640 1328 674 1392 in
689 1327 879 1394 illustranda
895 1327 1029 1393 humani
1045 1328 1167 1412 ingenii
1181 1328 1315 1395 historia
1331 1327 1475 1394 obtinere
1490 1328 1613 1412 berica,

200 1470 312 1519 omnes
328 1470 522 1537 persuasum
537 1450 705 1518 habemus.
725 1452 794 1519 Non
815 1453 926 1535 magni
944 1451 1078 1518 interest
1096 1453 1124 1516 si
1144 1453 1217 1536 quis
1233 1468 1319 1518 nuno
1340 1452 1502 1535 eleganter
1516 1452 1615 1517 latim

202 1577 345 1645 oratione
359 1585 486 1657 utatur;
508 1577 564 1643 sed
583 1577 702 1642 intueri
720 1576 813 1642 nobis
831 1577 936 1661 placet
949 1577 1109 1661 quomodo
1122 1579 1286 1641 verborum
1298 1586 1382 1641 vetus
1396 1587 1466 1641 atos
1477 1579 1615 1655 ioureot,

205 1703 367 1787 quomodo
391 1706 492 1768 obdita
510 1722 614 1768 rarum
636 1704 758 1766 indiciis
777 1713 946 1766 monstrato
965 1705 1128 1768 recentibus
1146 1706 1217 1778 aot,
1239 1702 1400 1786 quomodo
1419 1703 1510 1766 verba
1530 1704 1619 1767 modo

202 1840 279 1892 uota
296 1831 452 1909 juvenum
472 1833 538 1893 situ
551 1832 677 1907 floreant
690 1831 876 1907 viperasque.
898 1828 985 1894 Scire
1005 1829 1118 1894 solunt
1138 1834 1209 1894 tum
1230 1827 1312 1911 itali,
1337 1834 1408 1893 tum
1430 1827 1524 1906 Galli,
1546 1835 1615 1895 tum

204 1954 338 2037 Hispani
362 1955 480 2037 quibus
505 1952 738 2019 mutationibus
762 1952 982 2019 Romanomm
1006 1953 1115 2036 lingua
1137 1955 1172 2018 in
1197 1952 1285 2019 huno
1312 1968 1495 2018 sermonem
1519 1969 1615 2016 suum

202 2080 320 2145 inllexa
340 2079 393 2144 sit.
413 2080 497 2153 Quas
518 2078 772 2163 disquisitiones,
792 2095 977 2162 quanquam
996 2080 1035 2144 ad
1053 2079 1198 2161 linguam
1214 2095 1308 2169 suam
1326 2094 1392 2142 non
1408 2076 1614 2161 pertinentes,

204 2204 338 2270 minime
359 2203 575 2287 dedignantur
595 2203 771 2271 Germani:
799 2202 856 2285 qui
877 2202 1094 2270 Narbonensis
1110 2204 1284 2272 Provinciae
1305 2212 1337 2271 et
1357 2204 1535 2288 Aquitaniae
1556 2219 1615 2269 ve·

203 2334 306 2394 terem
322 2327 480 2411 loquendi
497 2326 761 2393 consuetudinem
775 2333 842 2392 tam
856 2329 996 2394 studiose
1010 2334 1041 2395 et
1058 2337 1146 2396 acute
1160 2334 1366 2397 excusserunt
1380 2334 1414 2396 ut
1427 2327 1521 2394 nobis
1535 2324 1615 2409 ipsis

115 2507 119 2525 ,
204 2452 316 2518 lamen
336 2453 542 2535 praeluceant.
565 2453 762 2536 Linguarum
785 2459 894 2518 autem
916 2459 1101 2520 nostrarum
1124 2456 1301 2539 praecipuos
1322 2456 1403 2522 celat
1422 2456 1525 2520 tontes
1543 2454 1613 2538 qui,

209 2577 349 2643 classicis
367 2584 492 2643 tantum
512 2577 723 2660 scriptoribus
741 2578 908 2660 exscriptis
925 2584 957 2643 et
971 2577 1105 2644 discenti
1118 2580 1278 2663 juventuti
1294 2580 1431 2658 traditis,
1449 2579 1614 2646 latinitatis

204 2701 296 2787 quasi
309 2702 483 2767 transitum
496 2702 530 2766 in
544 2700 716 2787 plerosque
728 2703 861 2786 uurope
875 2720 1041 2769 sermones
1055 2705 1175 2789 percipi
1188 2723 1255 2771 non
1272 2705 1404 2790 patitur.

241 2827 306 2910 Age
319 2844 406 2904 vero,
423 2807 552 2894 attende
566 2835 602 2894 ut
615 2827 736 2894 Natura
748 2845 860 2893 rerum
874 2828 1036 2911 gignentia
1050 2830 1211 2896 indelessa
1226 2831 1291 2897 ieta
1307 2833 1412 2916 pariat
1424 2849 1459 2895 ac
1471 2836 1613 2908 renovet,

201 2969 348 3018 annuum
375 2959 470 3019 terrm
496 2961 645 3019 ornatum
671 2951 824 3035 sufficiat,
853 2959 885 3019 et
913 2953 979 3018 vim
1005 2955 1134 3021 vitalem
1158 2955 1310 3021 omnibus
1335 2955 1432 3022 rebus
1457 2953 1613 3020 infundat.

200 3079 320 3163 Nempe
340 3080 583 3163 corruptissima
596 3097 731 3164 quaeque
745 3080 904 3146 elementa
920 3080 1060 3146 nitidum
1075 3080 1211 3148 lloribus
1225 3082 1383 3157 decorem,
1403 3081 1529 3147 dulcem
1549 3082 1615 3145 iru-

200 3203 305 3268 ctibus
328 3223 477 3288 saporem
503 3206 613 3272 indere
637 3205 759 3288 valent,
782 3212 878 3288 atque
901 3206 970 3289 ipsa
988 3205 1077 3272 tabes
1100 3205 1134 3270 in
1155 3205 1409 3289 pulcherrimum
1429 3203 1570 3290 quidque
1586 3208 1618 3270 et

203 3329 494 3412 exquisitissimum
518 3331 700 3396 efflorescit.
724 3331 777 3396 Sic
798 3329 918 3414 linguar
941 3329 1076 3413 alicuius
1097 3331 1257 3414 cadentis,
1286 3338 1317 3398 et
1338 3329 1429 3416 quasi
1454 3332 1489 3395 in
1510 3327 1617 3394 tabem

201 3453 362 3530 resolutae,
389 3455 560 3536 vocabula,
585 3455 676 3521 omni
698 3456 795 3521 modo
818 3455 1007 3534 deformata,
1028 3473 1145 3538 nempe
1164 3455 1296 3521 mutatis
1318 3472 1376 3521 seu
1398 3453 1617 3532 declinatione,

200 3592 257 3640 sen
286 3593 421 3659 genere,
446 3598 503 3645 seu
527 3579 763 3664 conjugatione,
783 3579 926 3647 nascenti
943 3597 1034 3646 nosse
1056 3579 1175 3662 linguae
1193 3578 1356 3661 arrident3
1387 3578 1527 3660 plebeia,
1551 3578 1617 3643 imo

203 3699 323 3786 rustica
343 3701 466 3766 sensim
485 3701 651 3770 nobilitate
668 3722 705 3770 ac
724 3704 880 3787 dignitate
899 3705 1120 3787 honestantur,
1139 3704 1219 3769 dum
1233 3703 1354 3786 optima
1368 3708 1399 3768 et
1413 3701 1617 3782 electissima,

203 3829 358 3907 tanquam
372 3826 483 3892 exsilio
499 3828 662 3908 mulctata,
674 3836 880 3897 evanescunt.

243 3949 366 4023 Quibus
388 3950 423 4016 in
445 3952 560 4017 studiis
584 3953 777 4019 utilissimus
796 3971 873 4021 sane
891 3952 1020 4038 adjutor
1038 3955 1175 4038 (langius
1199 3959 1259 4020 est.
1282 3953 1345 4019 Sed
1365 3970 1429 4019 non
1449 3953 1557 4019 statim
1577 3953 1618 4017 ad

202 4092 370 4142 summam
400 4078 639 4162 corruptionem
667 4086 877 4163 perventum,
908 4087 1098 4164 etatemque
1126 4080 1265 4145 ferream
1294 4079 1417 4144 ahenea
1445 4077 1617 4160 praecessit.

202 4198 309 4271 Quinti
330 4202 473 4285 sortique
496 4205 609 4270 saeculi
628 4210 773 4270 auctores
794 4205 879 4271 inter
894 4205 1041 4270 classicos
1063 4214 1095 4270 et
1116 4203 1273 4269 barbaros
1295 4204 1387 4288 quasi
1407 4202 1545 4267 mediam
1567 4202 1618 4264 in-

202 4322 319 4388 sistunt
341 4326 445 4411 viam,
467 4335 498 4393 et
520 4330 597 4395 dum
619 4329 723 4395 multa
737 4328 810 4394 labe
826 4329 896 4414 iam
918 4329 1032 4413 polluti
1058 4328 1355 4414 deprehenduntur,
1376 4323 1497 4409 aliquid
1510 4332 1618 4390 tamen

201 4448 344 4529 pristine
364 4451 554 4536 integritatis
576 4456 728 4522 retinent.
750 4455 834 4520 Tum
857 4456 999 4521 maxime
1018 4454 1219 4521 ecclesiastici
1242 4454 1424 4534 scriptores,
1450 4447 1619 4516 silentibus

201 4582 257 4637 aut
267 4573 442 4657 deperditis
459 4579 605 4659 ethnicis,
621 4588 738 4664 praesto
753 4587 850 4647 sunt:
867 4580 953 4664 apud
971 4598 1051 4665 quos
1065 4579 1183 4660 linguae
1198 4577 1361 4642 inclinatio
1376 4575 1504 4641 attentis
1518 4572 1620 4639 oculis

201 4698 410 4766 observanda.
439 4701 502 4766 Has
525 4711 631 4770 aetates
657 4707 765 4770 rarius
788 4723 889 4789 quam
912 4703 994 4770 velis
1021 4706 1055 4768 in
1079 4702 1278 4768 Glossarium
1305 4718 1402 4766 suum
1426 4697 1547 4763 inducit
1568 4694 1620 4758 vir

202 4821 423 4904 doctissimus,
449 4833 480 4892 et
504 4846 672 4913 nunquam
695 4829 773 4896 satis
799 4828 993 4896 laudandus.
1021 4791 1161 4909 'scilieet
1188 4826 1358 4890 iustoricus
1383 4823 1562 4905 imprimis,
1588 4830 1621 4886 et

202 4962 311 5012 rerum
333 4968 433 5032 quam
454 4952 630 5020 verborum
655 4955 827 5034 curiosior,
848 4962 958 5020 vetera
978 4952 1124 5034 exempla
1144 4952 1256 5017 crebro
1279 4950 1411 5025 omittit,
1436 4948 1620 5042 profertque

201 5073 394 5138 recentiora:
407 5075 495 5140 unde
508 5076 544 5141 fit
554 5084 591 5143 ut
604 5079 759 5147 dictiones
767 5079 978 5148 benelatinas
989 5077 1031 5143 ad
1043 5076 1225 5142 barbariem
1240 5073 1425 5156 relegandos
1436 5072 1618 5152 opinemur,
